3120 5030
245 317 288 382 14
604 309 665 410 na
691 308 1003 372 rrovnenms

244 487 335 556 tione
356 485 540 575 Nauplium
555 483 787 576 Argonautam
809 483 958 574 Neptuni
971 490 1005 552 et
1019 483 1231 571 Amymones
1247 482 1366 566 ulium,

244 598 411 672 vocasset,
443 589 479 655 in
514 588 661 658 secunda
688 597 836 654 mutatae
863 588 1042 672 sententiae
1073 586 1217 652 rationes
1247 608 1357 676 expo-

245 693 363 773 suisse3
388 690 563 784 Hyginum
577 700 707 775 antem,
732 691 924 781 pariterque
940 688 1131 778 Orpheum,
1157 689 1266 778 prima
1281 699 1358 758 tan-

242 794 513 884 tum'Apollonii
532 793 678 862 editione
701 817 770 861 esse
790 815 886 876 usos,
918 793 1084 880 ideoque,
1111 814 1216 880 quum
1240 795 1357 861 eorre-

244 899 390 967 ctionem
423 905 541 988 postea
565 896 689 965 factam
716 897 927 988 ignorarent,
978 917 1021 962 ne
1046 896 1193 983 potuisse
1218 895 1357 983 quidem

233 1000 426 1088 ·Nauplium
450 1000 551 1067 istum
579 1000 622 1066 ab
645 1000 717 1068 aliis
744 999 953 1088 parentibus,
999 1019 1101 1086 quarn
1131 999 1290 1086 Neptuno
1323 1009 1358 1067 et

242 1105 434 1191 Amymone
458 1114 570 1191 ortum
589 1101 780 1192 perhibere.
838 1102 1026 1190 Vtramque
1047 1109 1160 1168 autern
1181 1101 1358 1190 Apollonii

154 1231 156 1238 ·
198 1211 240 1273 15
247 1206 428 1278 editionem
449 1205 654 1292 aliquamdiu
677 1204 850 1290 exstitisse,
876 1205 922 1272 ita
935 1205 1022 1270 utin
1036 1201 1231 1287 secundam,
1253 1228 1355 1294 quam

164 1370 171 1396 x
244 1330 306 1376 nos
335 1307 518 1393 habemur,
552 1308 680 1396 aliquot
710 1331 751 1376 ex
779 1297 889 1397 prima
912 1329 1024 1376 versus
1051 1306 1172 1389 abiis,
1199 1309 1257 1396 qui
1280 1331 1355 1376 eam

245 1433 324 1480 oum
345 1411 451 1478 altera
473 1413 731 1501 comparabant,
756 1411 974 1496 inferrentur,
999 1408 1076 1477 satis
1096 1407 1213 1478 doeuit
1233 1410 1357 1478 Ruhn-

244 1514 359 1582 kenius
374 1514 409 1580 in
422 1515 517 1605 epist.
535 1515 598 1584 crit
611 1513 655 1580 11.
677 1538 713 1605 p.
739 1512 824 1581 lau.
845 1536 938 1602 seqq.

1551 3663 1552 3706 l

344 1718 418 1786 Iam
438 1717 544 1808 igitur
566 1730 826 1808 superventum
852 1728 917 1802 est,
961 1726 998 1785 ut
1026 1717 1098 1786 sola
1120 1717 1261 1808 supersit
1297 1717 1357 1786 illa

243 1821 444 1911 disputatio,
472 1845 539 1910 qua
559 1822 849 1914 Koenigsmannus
872 1821 1058 1888 orationem
1073 1843 1209 1909 quoque
1225 1818 1359 1910 Orphei

243 1933 449 1992 consectatus
465 1935 522 1992 est.
574 1924 710 1994 Vellem
732 1947 828 2009 sane,
856 1924 1061 1992 abstinuisset
1077 1925 1128 1990 vir
1149 1923 1359 1992 doctissimus

243 2027 376 2096 abhoc
402 2035 620 2120 argumento,
647 2029 702 2095 oui
719 2027 894 2098 tractando
923 2027 950 2092 si
975 2049 1011 2094 se
1035 2048 1153 2115 parem
1182 2027 1359 2094 ostendere

241 2131 362 2214 vellet,
387 2151 456 2197 non
474 2131 622 2198 debebat
643 2154 678 2220 p.
702 2127 737 2198 5.
760 2141 792 2198 et
812 2128 871 2197 36.
900 2127 1033 2223 ὄχθῃσι
1053 2131 1087 2196 in
1110 2121 1259 2224 dixdpor
1281 2153 1359 2196 mu-

241 2241 330 2314 tare3
355 2253 423 2300 non
438 2234 586 2302 debebat
599 2254 634 2324 p.
649 2234 709 2300 4⁰.
726 2231 897 2328 φθίτοισι
911 2233 1022 2323 prima
1036 2221 1215 2322 prbducta,
1241 2254 1277 2321 p.
1292 2229 1357 2300 53.

242 2331 273 2424 χ’
299 2335 377 2430 ἅμα
401 2336 636 2426 pyrrhichium
654 2359 720 2430 pro
747 2337 806 2408 καὶ
827 2335 929 2428 ἅμα,
950 2355 986 2425 p.
1008 2331 1069 2402 51.
1095 2327 1276 2428 dedendos,
1303 2336 1359 2403 id-

242 2457 310 2526 que
338 2441 486 2510 secunda
509 2441 615 2532 longa
644 2439 898 2535 commendare3
932 2461 1000 2506 non
1029 2439 1176 2506 debebat
1196 2437 1358 2507 hexame-

241 2543 311 2609 tros
333 2544 368 2608 in
389 2544 539 2608 medium
558 2543 729 2631 proferre,
756 2543 872 2628 quales
891 2564 927 2630 p,
942 2541 1002 2605 32.

351 2669 444 2749 α’λλοῖ
464 2669 543 2750 τάδ’
567 2675 614 2750 ἄν
629 2670 746 2749 πολλοὶ
766 2675 824 2748 καὶ
841 2669 1026 2772 ἑςύστερον
1050 2669 1151 2754 αὖτις
1175 2669 1357 2765 οἰκούσαις,

243 2837 278 2900 er
299 2853 335 2920 p.
358 2824 418 2900 35

247 2985 251 2991 ·
352 2966 601 3063 μαρναμένοις
649 2965 853 3062 ἑπιθῆσθε,
907 2961 943 3036 κ’
988 2961 1211 3060 α’ποφθίσειν
1252 2967 1359 3059 μένος

1077 3066 1219 3166 ἀνδρῶν

252 3183 254 3188 ’
345 3166 508 3267 ἑἍπησθ’,

243 3315 277 3378 et
295 3329 333 3399 p.
351 3305 412 3373 36.

237 3482 245 3510 ·„
350 3423 529 3522 ἡμετέρῃ,
562 3420 649 3506 ,τότε
671 3427 741 3524 νῆα
767 3422 862 3501 aare?
883 3423 1123 3522 ’φιγμένοισιν
1145 3423 1298 3524 ἑάφθαι.
1324 3511 1328 3519 ,

241 3587 310 3632 non
331 3563 479 3631 debebat
500 3583 669 3631 assensum
692 3564 887 3653 cadusquam
912 3585 1066 3654 sperare,
1105 3587 1208 3654 quum
1230 3566 1265 3632 in
1288 3563 1358 3632 hoo

240 3668 317 3760 ipso
342 3687 441 3734 versu
469 3660 563 3738 read
587 3667 663 3761 urio,
687 3669 739 3736 ad
768 3689 895 3738 navem
916 3668 1105 3758 significare
1128 3668 1359 3750 contenderet,

244 3781 301 3838 aut
323 3769 440 3837 similia
461 3768 515 3835 vel
532 3770 640 3859 magis
663 3770 764 3838 etiam
784 3770 934 3838 inaudita
962 3794 998 3863 p.
1019 3770 1080 3846 36,
1109 3767 1171 3838 54.
1207 3781 1241 3839 et
1266 3770 1358 3855 alibi,

244 3873 563 3952 oommirriseeretur3
598 3880 635 3940 ut
664 3874 863 3941 mutationes
894 3895 962 3941 non
990 3875 1196 3956 necessarias
1216 3883 1358 3956 taeeam,

243 3999 328 4065 quas
348 3973 382 4042 in
403 3975 556 4063 plurimis
577 3972 712 4065 Orphei
729 3976 813 4044 loeis
832 3976 1001 4044 faciendas
1024 3999 1094 4063 esse
1110 3978 1253 4056 eeusuit3
1277 3997 1359 4066 par·
1423 3978 1426 3989 ’
1551 4039 1552 4044 ,

245 4101 323 4148 oere
346 4077 490 4166 denique
510 4080 611 4144 etiarn
634 4078 705 4144 aliis
718 4079 942 4168 scriptoribus
964 4079 1131 4164 debebat,
1156 4089 1194 4146 ut
1211 4081 1358 4165 ,Timaeo

214 4243 217 4279 1
244 4181 361 4251 Siculo
378 4203 414 4272 p.
434 4179 495 4252 14.
517 4180 701 4248 Herodoro
724 4206 761 4273 p.
786 4177 848 4248 ul.
872 4180 1029 4250 Straboni
1056 4203 1092 4272 p.
1122 4181 1182 4250 23.
1209 4183 1359 4272 Apollo·

185 4341 189 4350 .
244 4285 301 4352 nio
324 4308 361 4375 p.
385 4281 446 4355 29.
471 4280 532 4354 30.
559 4304 669 4372 neque
690 4285 831 4357 sinceras
854 4306 973 4356 eorum
999 4285 1160 4380 lectiones
1182 4295 1252 4354 tam
1273 4285 1358 4358 dura
