3078 5026
496 399 500 405 .
614 332 861 400 erasm.
1228 339 1292 406 ltu

178 507 261 578 dem
287 505 469 594 vocabuli,
513 505 614 577 aliam
651 509 711 578 illa
747 507 818 578 aliis
854 507 905 578 in
926 507 1011 580 iocis
1038 505 1106 578 vim
1133 505 1292 598 habente,

177 611 324 682 manime
350 619 462 682 autum
490 613 607 686 crebra
630 633 845 685 numerorum
883 633 947 702 peu
976 612 1217 684 interiectiones
1236 615 1292 682 in-

177 714 416 806 terpellatione
438 713 591 785 efficitur.
642 715 700 786 Ad
720 737 810 806 quac
831 715 889 806 qui
903 715 1083 808 diligenter
1101 715 1290 802 attenderit,

180 818 284 890 facila
306 818 443 901 sentiet,
475 839 576 906 quam
603 818 767 888 imucmrn
796 817 961 909 quiddam
979 817 1160 907 multoque
1179 818 1291 911 ωιςὶε

177 943 283 1011 quam
296 973 299 980 ,
312 941 377 1013 pro
409 920 619 994 Graecorum
648 921 787 1016 ingenio
811 930 962 992 metuam
984 929 1019 993 ct
1038 921 1133 1011 quasi
1146 921 1292 990 memo·

174 1047 254 1094 sum
275 1023 320 1092 ad
340 1045 436 1094 aures
463 1023 605 1094 accidat
662 1027 736 1094 Neo
763 1025 985 1099 dubitandam
1012 1023 1161 1108 videtur,
1200 1023 1291 1113 quin,

176 1127 206 1195 si
228 1126 274 1196 do
298 1127 428 1212 modis,
450 1129 521 1217 qui
547 1127 657 1198 mutui
686 1128 769 1198 facti
789 1137 899 1214 erunt,
930 1127 1072 1200 iudicari
1093 1135 1225 1218 pomet,
1243 1127 1292 1194 in

79 1215 84 1230 ’
178 1227 234 1298 iris
252 1251 391 1321 qnoque
402 1230 636 1316 invenirentur,
662 1249 751 1321 quae
768 1231 893 1300 eodem
915 1239 1021 1300 amem
1043 1230 1111 1298 line
1131 1229 1290 1298 iristitutn.

56 1391 60 1396 .
176 1333 280 1402 Nunc
305 1355 387 1403 vero
417 1335 604 1404 tantum‘in
630 1335 774 1405 numeru
803 1335 983 1404 consistere
1012 1333 1185 1426 cogimur,
1222 1331 1293 1422 spi,
1438 1365 1443 1379 ·

178 1435 286 1514 modo
316 1445 352 1506 ct
374 1445 534 1528 corrupta
561 1437 801 1524 emendentur,
841 1445 876 1506 at
904 1457 1017 1507 versus
1050 1443 1142 1506 recte
1173 1434 1292 1528 dispo-

177 1548 316 1626 mtur,
340 1562 449 1630 quum
471 1541 597 1630 ubique
621 1540 780 1632 aptissimi
800 1549 875 1609 sunt
897 1549 932 1610 et
955 1538 1193 1624 efficacissimi,
1216 1547 1292 1608 tum

178 1644 291 1714 nescio
335 1665 379 1730 an
418 1637 455 1712 in
494 1643 589 1712 nullo
624 1644 771 1714 carmine
801 1643 998 1712 diviniorem
1031 1642 1099 1711 uim
1131 1640 1293 1726 habmut,

177 1765 284 1834 quam
306 1747 340 1815 in
355 1746 438 1833 illo,
467 1768 540 1836 quo
558 1747 654 1817 Darii
675 1747 794 1816 umbra
813 1747 857 1814 ab
873 1746 986 1816 inieris
1008 1752 1181 1820 croceum
1211 1743 1300 1814 sed»

177 1846 273 1918 hacc
291 1850 455 1920 eiusmodi
486 1858 579 1944 sunt,
618 1859 657 1918 at
684 1850 745 1920 nisi
768 1849 844 1941 quis
867 1849 941 1944 ipse
961 1849 1037 1918 satis
1068 1848 1165 1918 culto
1188 1857 1291 1918 *sensu

175 1952 322 2042 polleat,
348 1953 529 2046 explicari,
553 1951 679 2046 scripto
701 1953 916 2046 pracsertim,
945 1975 1015 2023 non
1035 1951 1182 2044 possint,
1271 1989 1276 1998 ·

631 2141 836 2160 m

224 2314 226 2322 ,
279 2254 351 2328 Sed
363 2253 565 2326 veniendum
580 2263 629 2324 est
647 2254 693 2325 ad
711 2256 767 2346 id,
793 2253 888 2346 quod
910 2253 1002 2328 hane
1014 2255 1112 2328 nobis
1124 2253 1293 2326 scribendi

175 2359 466 2450 opportunitatem
485 2357 578 2430 fecit.
628 2358 836 2428 Volebamus
860 2358 949 2426 enim
976 2361 1012 2428 in
1035 2359 1127 2440 diem
1150 2378 1293 2430 consue·

173 2470 251 2529 tum
273 2460 478 2530 creationem
505 2468 605 2550 atque
626 2460 917 2554 inaugurationem
944 2462 1094 2536 indicere
1115 2452 1294 2530 domorum

175 2562 438 2656 philosophiae,
490 2563 537 2631 ad
576 2585 718 2653 eamque
756 2563 1011 2634 sollemnitatem
1055 2561 1293 2634 celebrandam

177 2689 283 2756 quum
302 2666 576 2737 communitatem
597 2667 859 2753 Academicum,
882 2676 957 2736 tum
974 2667 1077 2737 huius
1096 2667 1188 2736 urbis
1207 2685 1292 2759 prc-

176 2793 271 2842 ceres
299 2769 529 2863 grauimimcs,
579 2778 614 2838 et
637 2771 892 2860 quiqpirerum
924 2781 1111 2840 nostramm
1143 2769 1293 2839 fautores

177 2881 302 2959 esent,
326 2873 472 2943 invitare
525 2871 653 2943 Verum
675 2874 808 2943 exitiale
829 2873 975 2961 bellurn,
1000 2874 1097 2966 quod
1114 2873 1189 2944 hcc
1203 2893 1290 2942 anna

178 2976 317 3044 vmtavit
337 2975 535 3063 Saxoniam,
559 2967 621 3050 nos
638 2999 787 3068 quoque
797 2998 903 3066 quum
922 2978 993 3046 aliis
1018 2999 1087 3046 non
1107 2975 1291 3046 mediocri-

177 3078 242 3148 bus
265 3078 382 3150 affecit
409 3079 555 3165 damnis,
585 3091 658 3148 tum
680 3102 743 3151 usu
769 3081 912 3171 priuauit
938 3079 1112 3165 auditorii,
1145 3078 1239 3167 quod
1265 3079 1339 3144 alt)

141 3224 146 3242 .
179 3183 292 3250 multis
314 3181 408 3250 annia
428 3180 510 3252 huic
538 3183 751 3252 sollemnitati
772 3183 990 3269 destinatum,
1022 3191 1102 3275 post
1125 3182 1294 3273 praelium

114 3360 116 3364 .
176 3282 226 3352 ad
246 3287 365 3358 urbem
394 3295 540 3354 noemam
566 3286 796 3370 commissum,
827 3286 1078 3356 vulneratorum
1104 3295 1205 3376 atque
1232 3307 1292 3353 ae·

178 3389 386 3479 gratantium
420 3389 672 3481 receptaculum
700 3390 829 3458 factum
867 3399 927 3464 cst.
988 3392 1187 3473 Praeterea,
1233 3383 1292 3454 etsi

179 3490 320 3561 lllustris
336 3490 434 3562 Ordo
461 3493 776 3564 iurisconsultorum
798 3492 970 3562 benevole
993 3493 1043 3562 sul
1068 3491 1166 3558 nobis
1194 3487 1293 3556 audi-

176 3593 259 3662 torii
279 3595 554 3666 commoditatem
574 3595 761 3680 offerebat,
785 3604 899 3664 tamen
913 3593 1159 3666 convenientius
1181 3589 1293 3658 existi·

180 3697 360 3783 mavimus,
401 3697 546 3784 omissis,
585 3720 675 3787 quae
701 3697 839 3766 usitatae
869 3705 962 3782 sunt,
994 3694 1219 3778 caerimoniis,
1256 3694 1292 3760 in

180 3803 257 3892 ipso
283 3800 410 3870 ordinis
437 3803 540 3870 nostri
564 3801 720 3872 conclavi
738 3793 944 3870 Candidatus
964 3799 1194 3892 irraugurarc,
1216 3795 1292 3864 eb·
1342 3869 1346 3878 Κ
1491 3813 1493 3820 ’

180 3903 394 3974 horrentibus
409 3929 430 3972 a
446 3906 662 3996 publicorum
682 3904 891 3974 sollemnium
906 3903 1032 3972 laetitia
1045 3901 1159 3970 animis
1174 3900 1293 3968 nostris

180 4016 325 4098 propter
358 4008 489 4076 obitum
526 4009 683 4100 collegae
721 4007 1006 4098 praestantissimi,
1053 4005 1211 4074 Mauricii
1246 4001 1293 4070 de

179 4112 309 4180 Praese.
358 4111 400 4178 ln
418 4135 487 4202 quo
515 4113 603 4198 viro,
628 4133 731 4201 quem
744 4111 872 4202 ipsum,
903 4133 991 4200 qnae
1004 4130 1093 4177 nunc
1112 4114 1290 4202 grassatur,

181 4214 274 4284 mala
301 4213 450 4284 febrium
474 4217 634 4307 contagio
661 4215 758 4284 nobis
786 4211 923 4304 aripuit,
962 4221 1055 4282 tauto
1082 4212 1292 4283 acerbiorem

182 4315 326 4391 fecimus
348 4319 529 4406 iacturam,
557 4340 626 4408 quo
647 4317 706 4387 ille
727 4338 795 4386 nou
809 4316 918 4386 solum
935 4316 1090 4388 emeatus
1106 4312 1291 4406 diligentia,
