3058 5046
527 318 863 424 masuerum
1184 323 1248 388 aot

127 497 165 560 te
181 492 337 584 cognita,
364 491 471 562 eiecta
492 499 542 560 est
563 491 597 560 in
620 491 721 576 cista,
747 489 770 560 i.
786 515 816 560 e.
832 491 976 582 suspecti
991 491 1025 560 iu
1044 515 1165 564 narem
1180 492 1247 562 irn-

128 594 247 687 positi,
274 597 364 664 etin
390 595 539 664 exsilium
558 595 634 664 acti.
686 593 844 664 Delatam
862 594 974 664 navim
1001 594 1047 663 ad
1068 599 1246 696 Σέριφον,

129 697 313 784 Corruam,
355 700 476 789 (quae,
516 699 577 767 nisi
598 697 702 766 fallor
727 721 748 765 a
776 696 885 771 σείοιυ
914 706 949 766 et
973 695 1114 794 ῥίπτειν
1144 699 1245 784 dictu,

128 801 223 892 quasi
251 809 359 869 terrae
381 810 477 869 motu
497 801 654 894 proruta)
679 801 770 893 cepit
792 799 946 888 Δίκτυς,
972 800 1109 888 Retius,
1143 802 1247 872 frater

128 905 219 997 regis
245 905 500 993 Πολυδέκτου,
533 905 722 994 Accipitris.
780 903 908 972 Piratas
931 903 1092 996 intelligi,
1126 904 1248 974 velex

129 1007 183 1074 his
202 1007 276 1074 satis
294 1008 424 1077 clarum
445 1017 509 1089 est3
538 1009 648 1098 magis
670 1008 772 1074 etiam
796 1029 837 1074 ex
856 1008 912 1093 iis,
943 1028 1031 1096 quae
1053 1016 1267 1096 sequuntur„

127 1111 217 1178 Nam
250 1132 365 1181 amore
392 1109 531 1180 Danaae
556 1120 675 1201 captus
707 1109 931 1200 Polydectm,
972 1130 1097 1199 quum,
1130 1111 1247 1180 adulto
1357 1179 1359 1183 ,
1408 1119 1412 1128 ’

129 1213 272 1297 Perseo,
297 1213 402 1304 potiri
426 1237 467 1282 ea
486 1235 555 1282 non
582 1221 715 1306 posset,
749 1213 940 1284 convocatis
967 1214 1099 1298 amicis,
1137 1223 1175 1283 ut
1201 1213 1248 1282 ad

131 1315 351 1386 celebrandas
369 1317 501 1406 nuptias
515 1314 793 1409 Ἱπποδαμείας,
820 1316 1038 1400 Vedomnae,
1064 1317 1156 1384 filiae
1175 1318 1246 1390 Οἰ-
1270 1361 1272 1370 =

102 1475 103 1482 ο
128 1412 287 1511 υομοίυυ,
314 1417 494 1506 Vindemii,
521 1421 712 1509 symbolam
726 1420 927 1504 conferrent,
953 1441 1058 1508 equos
1075 1420 1119 1488 ab
1136 1420 1247 1487 omni-

128 1521 193 1588 bus
224 1523 353 1615 exegit:
384 1545 469 1613 quos
497 1524 638 1594 Perseus
668 1545 772 1611 quum
803 1523 885 1592 dare
906 1522 1048 1609 nollet,¹
1066 1522 1248 1613 postulavit

127 1623 331 1713 Polydectes
360 1621 404 1694 ab
432 1647 490 1712 eo,
529 1635 583 1713 ut,
617 1628 777 1717 quoniam
798 1649 834 1695 se
859 1627 915 1696 rel
942 1635 1046 1717 caput
1072 1625 1247 1718 Gorgonis

128 1727 310 1798 allaturum
331 1729 498 1817 iactasset,
531 1738 632 1798 staret
653 1730 842 1821 promissis,
885 1738 920 1798 et
941 1729 978 1796 id
1004 1738 1245 1820 exsequeretur.

128 1829 183 1898 lta
203 1831 262 1926 ille
284 1833 477 1902 necessitate
502 1843 666 1927 coactus,
689 1856 795 1923 quum
817 1833 958 1903 ducibus
981 1831 1100 1902 Graei's
1122 1837 1247 1924 perve·

128 1933 229 2002 uisset
248 1935 294 2002 ad
315 1935 514 2028 Gorgones,
538 1939 664 2028 potitus
683 1959 773 2027 equo
794 1937 947 2030 Pegaso,
973 1936 1033 2026 qui
1054 1959 1096 2004 ex
1115 1936 1246 2008 cervice

128 2037 261 2112 occisae
280 2038 446 2106 Medusae
468 2041 685 2130 prosiluerat,
712 2041 747 2107 in
764 2040 984 2130 Aethiopiam
1006 2040 1170 2124 avolavit,
1193 2039 1247 2106 in-

126 2141 329 2208 sectantibus
352 2140 590 2233 Gorgonibus3
621 2143 830 2230 liberataque
847 2143 897 2211 ibi
915 2141 1157 2225 Andromeda,
1189 2163 1246 2208 re-

128 2242 200 2310 dux
218 2242 264 2311 ad
284 2243 476 2334 Seriphius,
502 2267 605 2334 quum
620 2245 669 2314 ibi
683 2251 826 2312 matrem
848 2244 988 2314 llarraen
1008 2252 1042 2312 et
1055 2233 1181 2332 Dictyn
1201 2241 1247 2310 ad

125 2368 203 2414 aras
231 2347 390 2416 auxilium
413 2345 557 2414 deorum
582 2346 739 2414 adversus
763 2348 832 2415 rim
859 2356 894 2414 et
918 2346 1113 2414 violentiam
1139 2344 1248 2434 Poly·

126 2448 250 2518 dectae
275 2449 492 2539 implorantes
525 2449 717 2533 invenisset,
761 2457 891 2518 ostenso
920 2448 1032 2539 capite
1062 2448 1248 2540 Gorgonis,

126 2550 306 2643 Seriphios
327 2552 361 2620 in
383 2553 516 2645 lapides
540 2552 804 2637 transformavit,
842 2573 1018 2644 regnoque
1041 2551 1155 2642 Dictyi
1177 2560 1264 2619 tra-z

126 2653 220 2740 dito,
255 2677 334 2724 cum
364 2666 471 2724 matre
496 2657 615 2725 Danae
645 2665 680 2725 et
707 2655 930 2725 Andromeda
960 2657 1074 2747 Argos
1103 2655 1247 2746 repetiit.

128 2758 236 2828 Plana
268 2757 326 2828 hic
362 2761 483 2827 omnia
548 2760 683 2829 Fratres
716 2768 791 2827 sunt
818 2759 936 2850 Dictys
971 2768 1006 2828 et
1034 2757 1248 2850 Polydectes,

128 2861 210 2950 quia
233 2863 335 2930 ambo
359 2863 565 2953 praedones:
604 2862 667 2932 sed
693 2860 779 2931 alter
808 2872 946 2955 ceperat
972 2885 1109 2943 navem3
1151 2863 1247 2947 alter,

131 2963 202 3034 dux
228 2966 456 3057 praedonum,
494 2967 556 3036 sibi
588 2989 664 3036 eam
693 2967 904 3051 vindicabat,
945 2965 990 3034 ad
1016 2989 1052 3034 se
1078 2967 1247 3055 pertinere

129 3066 279 3143 fructum
308 3053 469 3161 captdrae
499 3080 605 3139 ratus:
643 3070 703 3138 sed
734 3072 905 3139 metuebat
934 3079 1047 3135 tamen
1074 3068 1246 3152 Perseum,

128 3171 150 3239 i.
175 3194 205 3239 e.
234 3172 444 3265 navigantes,
480 3182 597 3263 captos
621 3193 699 3241 cum
723 3173 810 3243 navi.
861 3169 1008 3239 Adultus
1029 3169 1089 3238 hic
1112 3169 1246 3256 dicitur,

129 3272 226 3363 quod
248 3275 307 3366 qui
326 3298 405 3344 cum
417 3275 573 3347 fluctibus
590 3275 817 3345 conflictantes
837 3273 939 3343 facile
959 3273 1037 3365 capi
1054 3281 1246 3363 potuerant,

131 3378 252 3446 servati
275 3401 295 3446 e
320 3380 405 3448 mari
424 3379 534 3471 magis
561 3386 655 3446 erant
679 3376 724 3446 ad
745 3377 965 3445 resistendum
992 3376 1116 3472 idonei
1166 3377 1247 3446 Hoc

130 3489 225 3550 metu
246 3489 285 3551 ut
302 3505 338 3550 se
356 3481 515 3551 liberaret
535 3477 756 3570 Polyaenos,
790 3479 1039 3571 expeditionem
1059 3477 1176 3546 indicit
1200 3477 1246 3546 ad

131 3584 247 3653 viuum
273 3583 499 3666 afferendum
532 3584 717 3676 piratisque
746 3583 899 3650 omnibus
923 3605 1022 3650 naves
1050 3581 1248 3672 apparanti-

131 3685 215 3771 bus,
253 3688 412 3773 Perseus,
453 3689 523 3756 sive
545 3687 719 3779 peregrini
737 3685 806 3770 illi,
833 3683 968 3780 ¹quibus
986 3683 1148 3774 adempta
1177 3683 1259 3753 erat

130 3789 240 3874 navis,
272 3791 338 3881 ipsi
364 3813 500 3881 quoque
525 3791 638 3860 viuum
661 3811 824 3879 quaerere
845 3788 1036 3880 cupientes,
1062 3809 1166 3876 quum
1183 3810 1249 3879 per

129 3891 314 3961 ludibrium
334 3885 527 3963 iuberentur
547 3895 616 3962 siue
637 3893 714 3961 navi
735 3916 828 3962 mare
845 3894 1015 3977 traiicere,
1041 3891 1152 3961 conati
1178 3913 1248 3960 non

128 3992 238 4064 modo
261 3995 367 4065 undas
394 3998 440 4066 ad
459 3999 551 4067 littus
573 4006 783 4090 spumantes,
828 3995 890 4065 sed
923 3996 1023 4063 etiam
1045 3994 1247 4066 remotiores
1273 4069 1274 4076 ,

129 4098 251 4168 fluctus
275 4099 423 4169 natando
449 4123 626 4192 superare,
664 4100 800 4169 devicto
825 4099 968 4167 adverso
992 4118 1110 4166 eorum
1137 4121 1247 4177 cursu,

129 4201 226 4287 navi,
259 4223 347 4290 quae
368 4203 404 4270 in
426 4205 510 4272 mari
534 4203 709 4272 stationem
729 4200 898 4292 habebat,
929 4200 1122 4290 potiuntur,
1144 4213 1179 4270 et
1198 4202 1248 4270 sic

126 4303 205 4376 vela
226 4304 325 4394 dant,
359 4315 461 4398 atque
480 4305 700 4398 Aethiopiam
718 4313 846 4398 petunt
908 4303 949 4372 Iu
976 4303 1161 4397 Aethiopia
1186 4311 1293 4376 re-lo
