3058 5046
264 355 329 418 21⁰
377 350 436 410 DE
463 347 726 412 fllsuoulau
752 347 972 414 aulaeas
1000 347 1276 418 Pulnouuus

262 523 475 618 peditienunr
495 520 743 610 faciendarum,
769 519 1015 616 subigendiqne
1037 521 1122 592 alios
1143 521 1383 613 opportunita-

262 638 334 710 tem
356 626 484 698 factam
503 624 579 698 dici.
654 638 657 645 “
1121 673 1130 692 .

219 849 262 912 17
370 822 567 927 Maiorem,
594 827 814 921 capessisse,
841 827 1088 925 ολΛαοιδέιιῃ,
1114 828 1272 922 Iurnpae,
1299 828 1381 908 Πέ-

213 1008 215 1012 .
265 941 397 1024 amoc,
431 934 581 1026 Nigrini,
602 934 728 1019 tiliae,
766 927 970 1030 Ἱπποθόη,
1008 933 1184 1022 Equicita,
1218 933 1381 1002 nascitur:

177 1093 181 1108 ,
263 1060 367 1128 qnam
387 1047 520 1129 raptam
547 1038 724 1128 Neptunus
753 1035 788 1104 in
815 1037 937 1104 insulas
964 1029 1157 1126 Ἐχινάδας
1164 1090 1178 1125 ,
1228 1036 1381 1126 Spineas,

263 1141 436 1225 transfert,
463 1163 504 1210 ex
526 1162 634 1229 eaque
657 1132 820 1233 Τάφιον,
847 1140 1061 1230 Sepelinum,
1086 1150 1198 1224 creat,
1224 1140 1284 1229 qui
1301 1131 1380 1214 Tei-

265 1271 356 1339 φον,
382 1243 574 1333 Sepeliam,
600 1241 732 1328 condit,
757 1244 992 1335 populumque
1020 1235 1223 1338 Τηλεβόας,
1250 1241 1381 1310 Clami-

263 1357 379 1432 taucs,
405 1354 516 1417 vocat.
539 1346 568 1420 1.
593 1363 622 1415 e.
647 1346 795 1414 novandi
821 1346 986 1437 cupiditas
1016 1366 1095 1414 cum
1119 1346 1297 1414 barbarica
1327 1344 1381 1412 in-

263 1450 389 1526 iustitia
409 1450 586 1534 coniuncta
607 1471 726 1518 navem
753 1449 929 1540 piraticam
956 1449 1156 1533 fabricatur,
1195 1459 1229 1516 et
1250 1469 1382 1516 saxosas

262 1554 384 1630 insulas
403 1563 541 1643 petens,
563 1554 612 1622 ibi
626 1552 762 1642 sepelit,
790 1551 957 1641 quidquid
981 1553 1111 1644 ingenti
1131 1573 1210 1621 cum
1232 1552 1382 1621 clamare

262 1657 430 1748 impetum
456 1656 582 1730 iaciens
609 1656 730 1746 rapuit
788 1656 940 1747 Sepelini
960 1656 1048 1723 filius
1077 1655 1139 1723 fuit
1165 1656 1381 1748 Πτερέλαος,

261 1759 464 1850 Pinnigrex,
490 1782 592 1848 quern
606 1759 781 1848 Neptunus
800 1782 902 1826 aureo
924 1760 1050 1850 capillo
1064 1758 1227 1827 donatum
1240 1759 1381 1830 humor-

261 1862 365 1953 talcm
398 1861 489 1938 iecit.
564 1861 609 1928 Ei
635 1861 706 1928 filia
734 1854 942 1952 Κομαιθώ,
985 1860 1210 1950 Crinicrema,
1253 1870 1286 1930 et
1318 1859 1382 1927 filii

262 1957 451 2060 Χρόμιος,
498 1956 702 2060 Τύραννος,
734 1958 943 2053 Ἀντίοχος,
985 1959 1246 2058 Χερσιδάμας,
1286 1957 1381 2059 Μή-

263 2091 382 2162 στωρ,
416 2061 560 2166 Εὐήρης
567 2119 582 2154 ,
617 2065 761 2150 Fremc,
798 2066 956 2151 Tcrsius,
993 2068 1168 2153 Pertinax,
1202 2067 1380 2156 Manceps,

262 2168 474 2264 Capessitcr,
513 2171 655 2244 Ramex.
710 2169 927 2260 significatur
959 2171 1111 2261 praedo,
1154 2170 1282 2239 'celeres
1317 2192 1381 2238 nas

260 2295 320 2349 ves
339 2271 487 2358 habeus,
519 2281 554 2342 et
579 2272 752 2342 maritimis
772 2273 954 2344 latrociniis
978 2284 1148 2366 perpetuo
1169 2296 1288 2342 aarum
1317 2293 1381 2346 ca-
1525 2357 1526 2364 η

123 2445 127 2458 ,
260 2398 429 2449 acervans

360 2580 577 2661 Exercitanus
612 2579 782 2672 Subigam
809 2579 872 2649 sibi
909 2580 1223 2674 connubioiungit,
1256 2583 1380 2652 filiam-

260 2705 328 2773 que
354 2705 397 2774 επ
434 2706 475 2752 ea
503 2682 639 2774 suscipit
671 2676 893 2780 Ἀλκμήνην,
940 2682 1178 2776 Opimianum,
1227 2694 1262 2756 et
1290 2686 1379 2782 ¹lilius

261 2786 474 2876 complures,
522 2809 565 2854 ex
598 2785 719 2874 quibus
751 2795 880 2876 tanturn
918 2797 1128 2878 postremum
1155 2798 1235 2858 natu
1269 2788 1380 2858 nomi-
1523 2875 1524 2880 ρ

144 2919 170 2962 ·,
259 2909 339 2958 nare
371 2889 506 2972 attinet,
545 2883 773 2978 Λικύμνιον,
822 2890 1130 2977 Suboleseentium,
1177 2915 1219 2960 ex
1252 2891 1381 2982 pellice
1505 2885 1524 2928 ’λ

259 2992 411 3086 Ζλῖιδέηι,Ι
438 2990 562 3078 Fissia,
602 2998 736 3073 natum,
775 2992 916 3082 muliere
950 2993 1110 3091 Φρυγίᾳ,
1144 2994 1267 3062 Frixia.
1321 2994 1381 3064 Si-

260 3094 462 3185 gnificantur
501 3105 615 3164 auteur
661 3093 806 3162 militum
846 3096 926 3188 vagi
962 3097 1165 3180 concubitus,
1189 3119 1267 3166 eum
1301 3119 1381 3164 mu·
1522 3119 1523 3192 η

258 3198 400 3266 lienibus
449 3219 556 3288 opera
597 3197 782 3296 domestica
828 3200 1045 3289 obeuntibus,
1094 3210 1129 3271 et
1169 3222 1381 3272 succrescens
1522 3193 1523 3226 ³

231 3298 340 3370 inde
367 3300 493 3391 prnles.

362 3505 551 3580 Σθενέλου
578 3511 613 3572 et
637 3503 835 3604 Νικίππης,
869 3505 943 3576 ie.
970 3507 1097 3576 Valerii
1118 3515 1153 3576 et
1172 3507 1380 3598 Vincequae,

261 3609 452 3697 Πέλοπος,
482 3606 632 3699 Nigrini,
665 3608 774 3693 filiae,
800 3631 903 3698 quam
924 3611 981 3680 alii
997 3603 1287 3704 Ἀστυδάμειαν,
1313 3611 1383 3678 Vr-

260 3711 447 3797 bialcmam,
460 3719 592 3795 vocant,
608 3711 790 3803 progenies
804 3712 938 3781 inerunt
952 3706 1123 3809 Ἀλκινόη
1140 3722 1175 3781 et
1188 3714 1381 3801 Μέδουσα,

260 3813 476 3883 Praesidiana
495 3823 530 3881 et
552 3813 732 3882 Gubema:
756 3824 837 3904 post
855 3826 950 3884 uatus
966 3809 1184 3915 Εὐρυσθεύς
1189 3869 1203 3906 ,
1229 3817 1383 3907 Laupas,
1519 3879 1520 3890 ,

128 3987 146 4012 .
261 3915 321 4003 qni
349 3915 473 3998 deinde
499 3915 676 3986 Patulinae
707 3940 766 3987 rer
794 3918 868 3988 fuit.
926 3920 1017 3992 Nam
1047 3941 1154 4007 quum
1182 3916 1381 4016 Ἡρακλῆς,
1519 3947 1520 3971 ³

261 4017 492 4108 Popliclutus,
521 4019 703 4091 nasciturus
722 4029 817 4106 esset,
841 4020 999 4114 luppiter
1014 4028 1129 4090 atatem
1144 4019 1302 4110 dixisset,
1323 4020 1384 4112 qni

187 4209 191 4218 ¹
261 4119 389 4210 primus
412 4143 453 4192 ex
476 4122 591 4192 Persei
613 4125 738 4191 semine
762 4123 797 4190 in
820 4124 934 4194 lucem
956 4124 1276 4216 esset'proditurus‚
1303 4147 1383 4193 eum

261 4235 480 4316 regnaturam
493 4249 582 4311 esse,
607 4227 800 4318 Populonia
817 4227 982 4298 Lucinam
1002 4229 1160 4313 adduxit,
1188 4237 1226 4296 nt
1246 4237 1383 4320 partum

261 4327 451 4420 Poplicluti
476 4339 682 4416 moraretur,
722 4339 904 4400 maturaret
926 4342 1040 4404 autem
1062 4333 1250 4426 Latiputis,
1290 4331 1399 4404 unde'
