3058 5046
261 333 327 397 2⁴14
368 330 418 390 DE
438 331 474 394 li.
490 329 680 392 BENTLEIO
703 329 869 406 EIVSQVF.
892 329 1077 392 EDITIONE
1100 329 1283 398 usurum

262 500 382 582 Edidit
412 500 584 572 Bentleius
609 502 836 591 existimarit,
878 511 912 572 et
940 501 1036 574 hanc.
1053 502 1231 595 adscripsit
1256 524 1382 593 parum

262 605 506 677 consideratam
525 605 791 675 adnotationem:
823 607 974 690 „Plures
995 628 1036 676 ex
1058 608 1175 675 nostris
1197 605 1380 678 existima·

261 708 359 799 „vit‚
388 731 473 777 unus
497 709 719 780 existimabit.
771 708 860 780 Sane
879 711 1038 779 sententia
1057 711 1131 803 ipsa
1147 709 1298 778 futurum
1310 730 1383 800 po-

262 812 409 901 „stnlats
442 813 581 906 siquid
604 814 641 882 in
662 813 729 882 lroc
745 813 904 906 prologo
933 813 1093 884 dicturus
1115 820 1167 882 est
1189 813 1380 883 inclemen-

262 916 372 1002 „nus
406 913 610 1007 Legendum
623 925 753 1002 tamen,
780 917 991 985 existimarit
1008 938 1101 1002 esse,
1126 917 1179 985 sic
1195 916 1380 986 existimet.

263 1017 431 1111 „Siquis
449 1020 718 1109 existimaverit,
744 1028 782 1087 ut
803 1042 834 1088 v.
851 1018 884 1087 l.
907 1020 1016 1112 siquis
1034 1020 1187 1089 studeat.
1225 1018 1383 1088 Donatus

263 1122 339 1211 „ad
352 1123 486 1192 locum:
512 1121 721 1211 Existimat,
742 1144 814 1216 pro
829 1122 1068 1192 Existimavit.
1103 1123 1260 1213 corrige,
1285 1121 1382 1190 Exi-

263 1225 463 1311 „stimarit‚
484 1248 556 1320 pro
576 1213 878 1296 Existimaverit.“
904 1227 1026 1317 Neque
1039 1249 1070 1294 v.
1089 1223 1121 1294 l.
1139 1225 1302 1317 scriptum
1318 1232 1380 1312 est,

263 1329 294 1398 si
311 1329 387 1420 quis
399 1327 560 1417 studeat,
585 1325 713 1420 ne'que,
740 1330 767 1398 si
788 1339 874 1398 esset
890 1330 1070 1420 scripturn,
1096 1328 1287 1421 comparari
1301 1350 1382 1398 cum

263 1454 307 1500 eo
321 1440 438 1522 posset
454 1432 486 1500 si
502 1433 581 1525 qais
601 1433 828 1505 existimarit:
853 1432 947 1524 quod
970 1433 1110 1500 verbum
1129 1432 1188 1501 hic
1202 1430 1382 1500 manifesto

264 1545 397 1604 nonest
418 1535 647 1606 coniunctivus
662 1535 822 1628 perfecti,
848 1535 909 1604 sed
922 1536 1118 1606 indicativus
1143 1535 1247 1603 futuri
1260 1533 1382 1608 exacti.

264 1639 435 1707 Donatum
468 1648 579 1706 autern
605 1641 679 1728 quis
708 1639 826 1708 credat
852 1647 922 1706 tam
949 1638 1099 1707 inutilem
1129 1638 1383 1706 adnotationem

263 1741 399 1826 fecisse,
426 1742 637 1811 existimarit
646 1764 718 1835 pro
739 1741 1016 1810 existimaverit?
1040 1743 1149 1810 Immo
1163 1742 1295 1833 scripsit
1306 1741 1382 1808 hic:

265 1844 443 1912 existimat
463 1843 528 1935 (sic
549 1846 636 1913 enim
659 1845 814 1936 legebat,
849 1853 883 1913 et
900 1854 949 1912 est
972 1845 1042 1914 hoc
1064 1845 1097 1911 in
1119 1843 1381 1933 aliquammultis

262 1946 378 2037 libris)
402 1967 475 2038 pro
496 1945 718 2016 existimabit
770 1947 851 2016 Hoc
875 1947 987 2038 ipsum
1014 1956 1126 2015 autem
1156 1945 1381 2036 existimabit,

263 2072 330 2141 pro
353 2071 422 2138 qao
440 2050 538 2118 multi
553 2050 684 2118 librarii
706 2048 841 2141 vulgari
862 2072 977 2118 errore
1004 2050 1217 2120 existimavit
1236 2051 1381 2142 scripse-

263 2162 356 2237 runt,
381 2152 490 2220 multo
503 2154 612 2245 magis
627 2154 798 2222 communi
810 2153 956 2221 sermoni
971 2154 1253 2240 conveniensem,
1279 2176 1383 2245 quam

264 2256 494 2326 existimarit:
518 2264 556 2324 ut
571 2267 755 2352 appareat,
780 2255 866 2326 nihil
887 2257 1085 2328 mutandum
1105 2257 1219 2328 fuisse.

366 2392 453 2462 Mox
478 2392 588 2463 dedit:
644 2447 646 2456 ι

393 2529 453 2622 qvi
468 2529 556 2606 bene
568 2486 738 2600 vertevdo
755 2540 791 2601 et
802 2531 930 2624 eadem
941 2521 1127 2602 scribendo
1135 2477 1246 2619 male,
1261 2553 1306 2602 ex

353 2705 356 2714 ,
398 2632 551 2704 &necis
576 2633 675 2720 bonis
695 2635 848 2705 Lanae
865 2635 961 2728 jecit
980 2657 1050 2704 non
1072 2635 1192 2706 bonas.
1225 2665 1239 2726 '.

173 2857 175 2860 ι
253 2768 358 2856 „Ex
389 2768 542 2838 Graecis
561 2767 669 2840 bonis.
721 2772 780 2843 Sic
789 2773 828 2858 ‚“·
863 2773 984 2862 inquit,
1018 2821 1041 2859 „
1049 2772 1216 2864 Faernus:
1247 2773 1309 2842 sed
1339 2794 1386 2841 ex

220 2872 404 2963 14„priori
418 2873 528 2962 versui
550 2874 810 2964 apponendum:
834 2885 872 2944 ut
883 2876 970 2943 infra
985 2877 1026 2943 V.
1046 2871 1080 2941 2:
1097 2877 1157 2944 20.
1182 2877 1264 2967 quin
1284 2876 1386 2944 invo—

265 3025 287 3064 „
298 2977 367 3046 lem
383 2976 421 3044 ix
435 2975 625 3069 Capillum.
676 2979 797 3065 Neque
809 2977 909 3044 ‘enim
929 2999 1014 3046 cum·
1028 2976 1102 3044 viro
1123 2978 1227 3048 docto
1240 2986 1310 3044 tam
1326 2979 1387 3045 fa-

251 3080 361 3166 „cilc
382 3079 603 3171 corripuerim
628 3079 795 3170 syllabam
820 3102 899 3151 curn
933 3079 1118 3170 positione,
1163 3089 1236 3148 tum
1263 3088 1387 3150 natura

264 3183 440 3274 longam.“
491 3183 780 3274 Praepositionem
801 3184 898 3252 istam
911 3183 1019 3275 priori
1038 3183 1147 3254 versui
1164 3184 1233 3252 iam
1252 3183 1297 3252 G.
1313 3182 1385 3254 Fa-

264 3286 429 3370 bricium,
455 3283 646 3372 Muretum,
674 3296 708 3357 et
726 3287 809 3356 alios
831 3287 1019 3372 addidisse,
1045 3287 1182 3358 Reizius
1199 3286 1384 3361 adnotavit.

265 3389 313 3460 Et
332 3387 431 3457 inhis
446 3388 586 3478 quidem
606 3389 692 3457 nihil
706 3399 756 3458 est
774 3390 868 3481 quod
886 3389 957 3459 hoc
971 3391 1141 3464 miremur.
1192 3390 1385 3460 Bentleium

266 3515 348 3562 vero
377 3492 560 3577 nollemus,
599 3500 640 3563 ut
664 3493 772 3562 Hario
800 3493 1061 3579 contradiceret,
1106 3493 1246 3585 iecisse,
1286 3493 1384 3583 quod

266 3597 407 3691 rectius,
439 3593 568 3683 siquid
587 3595 707 3682 rideo,
743 3618 813 3664 non
836 3593 979 3669 fecisset.
1031 3597 1256 3689 Exemplum,
1289 3596 1386 3687 quod

268 3698 386 3784 affert,
417 3697 563 3766 alienum
591 3707 648 3768 est.
683 3700 790 3770 xNam
811 3700 860 3768 ibi
884 3699 1069 3770 cohaerent
1087 3701 1192 3769 rerba
1213 3700 1385 3789 utriusque

10 3877 12 3890 ,
268 3825 381 3870 versus
400 3825 467 3896 una
487 3803 726 3893 perpetuitate.
777 3803 847 3874 Hic
862 3825 944 3872 vero
958 3803 1182 3895 interpunctio
1200 3812 1250 3872 est
1265 3804 1301 3872 in
1315 3804 1385 3872 line

11 3915 12 3922 ’
45 3974 54 3996 ¹,
167 3905 169 3910 ’
269 3926 400 3989 versus,
428 3914 461 3973 et
472 3928 543 3974 non
559 3905 743 3984 cohaerent
758 3907 879 3990 verba,
904 3915 943 3977 ut
955 3907 1107 4006 ineptum
1119 3907 1227 3978 videri
1249 3906 1386 3991 debeat,

10 4021 12 4034 ¹
268 4007 553 4098 praepositionem
572 4008 688 4078 divelli
702 4010 746 4077 ab
762 4009 897 4078 nomine
915 4032 987 4078 suo.
1039 4010 1144 4095 Quod
1160 4018 1272 4078 autem
1290 4011 1387 4079 addit

271 4106 316 4175 de
345 4113 564 4200 correptione
585 4103 674 4199 eius,
714 4111 750 4179 in
772 4134 814 4181 eo
838 4112 911 4202 ipse
936 4113 1000 4182 sibi
1031 4121 1219 4205 repugnat,
1259 4114 1319 4203 qui
1350 4113 1386 4180 in

270 4209 394 4279 Heaut.
427 4211 472 4281 11.
502 4215 539 4302 4,
569 4214 628 4285 lt.
661 4214 833 4286 admiserit
856 4215 948 4287 huuc
980 4217 1229 4309 correptionem
1258 4217 1293 4286 in
1317 4214 1390 4286 hoc

210 4311 213 4318 ’
269 4312 464 4383 trochaico:
923 4326 925 4330 '
