3078 5026
247 355 311 443 ιω
370 375 422 438 nu
449 375 583 437 cuono
611 371 844 438 mrunrovu
863 371 1054 436 ruscnrnr
1079 372 1172 436 orss.
1192 372 1229 434 n.

247 548 346 620 etium
360 547 524 618 victorem
549 570 625 618 eum
643 545 856 639 pronunciari
874 543 1044 631 viderent,
1057 549 1218 636 'apertam
1239 543 1362 635 impie·

245 659 351 720 tutem
366 651 605 737 vociferantes,
630 651 812 720 tumultum
836 649 871 718 in
885 649 1019 730 theatro
1034 649 1258 728 concitarunt3
1284 669 1363 716 mo-

246 755 309 824 niti
329 766 461 840 autern,
491 763 531 822 ut
553 755 588 822 le
615 761 813 846 eagcrent,
846 773 926 822 ruox
945 751 1124 844 impietatis
1154 772 1250 820 reum
1276 773 1363 843 cge-

246 856 348 927 runt?
378 859 430 927 ltu
456 865 550 927 recte
596 858 692 924 rxerit
711 855 890 942 Aelianus,
925 854 1086 950 ἐκρίνετο
1113 849 1281 947 α’σεβείας
1302 850 1364 927 e'm'

201 972 325 1036 28τινι
351 954 522 1058 δράματι.
573 957 667 1044 Quid
688 981 813 1049 porro,
843 958 892 1045 si,
923 979 992 1046 quo
1016 957 1159 1027 atrocius
1181 955 1269 1024 illud
1295 955 1364 1028 cri-

245 1085 323 1133 men
344 1086 416 1132 esse
435 1061 586 1147 videtur,
619 1062 689 1130 duo
705 1055 818 1154 capita
835 1061 990 1131 fecerunt
1020 1058 1256 1145 accusationis,
1290 1058 1363 1151 pri-

245 1188 340 1235 rnunr
362 1165 407 1234 de
427 1165 624 1236 introductis
644 1165 736 1234 novis
755 1165 837 1251 diis,
862 1163 1065 1248 secundum,
1096 1163 1256 1233 usitatum
1276 1161 1364 1230 illud

245 1268 292 1336 de
317 1268 480 1360 evulgatis
503 1267 689 1359 mysteriis?
721 1271 833 1360 Atque
857 1266 928 1337 hoc
945 1265 1086 1357 quidem
1105 1275 1210 1357 caput
1229 1286 1298 1334 non
1322 1281 1364 1334 ex

246 1393 314 1440 uua
332 1371 512 1463 tetralogia
533 1371 776 1463 depromptum
805 1370 925 1456 fuisse,
964 1369 1030 1440 vel*
1043 1369 1129 1438 illud
1154 1367 1280 1439 indicio
1304 1376 1364 1454 est,

246 1474 342 1565 quod
363 1475 509 1564 quinque
533 1475 670 1545 fabulae
694 1475 740 1542 nd
762 1497 838 1542 eum
861 1497 935 1545 rem
959 1471 1172 1564 probandam
1189 1470 1365 1540 adhibitae

246 1586 340 1647 sunt:
364 1587 402 1647 ut
424 1586 633 1648 accusatores
653 1577 724 1664 isti,
749 1599 856 1666 quum
872 1578 977 1646 semel
996 1575 1175 1668 impietatis
1194 1575 1365 1667 postulas-

247 1688 320 1749 sent
344 1680 569 1770 Aeschylum,
608 1703 649 1750 ex
673 1681 828 1749 omnibus
857 1680 934 1750 eius
953 1679 1136 1771 tragoediis
1165 1685 1365 1770 argumenta

246 1782 480 1870 conquisivisse
492 1784 677 1852 videantur.
704 1783 809 1868 Quod
827 1783 855 1852 si
877 1782 1104 1852 Eumenidum
1121 1781 1249 1850 nullam
1266 1803 1365 1850 men-

245 1886 373 1953 tionem
393 1886 545 1956 fecerunt
564 1887 761 1977 scriptores,
794 1884 852 1981 qui
873 1886 1036 1956 indicium
1054 1884 1140 1953 illud
1155 1904 1367 1954 commemo-

245 1997 378 2073 rarunt,
402 2009 471 2059 non
495 1997 545 2057 est
569 1990 766 2073 obscurum,
791 1989 1014 2080 praetermitti
1033 1987 1070 2056 id
1094 1997 1278 2080 propterea
1296 2009 1365 2078 po-

192 2123 195 2144 ‚
244 2091 362 2176 tuisse,
389 2090 467 2181 quis
485 2090 718 2161 tantummodo
734 2091 780 2161 de
799 2091 977 2183 patefactis
993 2091 1157 2176 mysteriis
1171 2093 1364 2181 loquuntur.

246 2191 318 2263 Sed
340 2193 422 2262 satis·
440 2193 484 2264 de
503 2189 567 2264 his.
619 2193 712 2263 Illud
736 2193 909 2280 adiiciam,
935 2195 1097 2284 quoniam
1112 2193 1147 2262 in
1161 2195 1287 2264 indicio
1302 2194 1364 2262 illo

122 2305 129 2318 ’
246 2294 434 2388 Cynegirus
453 2319 518 2390 pro
540 2296 644 2366 fratre
666 2297 885 2369 intercessisse
900 2297 1039 2383 dicitur,
1065 2303 1259 2389 suspectum
1278 2297 1365 2366 milri

245 2397 354 2468 videri
366 2399 535 2492 Aminiam
549 2400 656 2487 illurn,
683 2423 785 2491 quem
800 2401 887 2471 vitae
907 2402 1052 2492 scriptor
1067 2408 1101 2468 et
1116 2401 1238 2470 Suidos
1253 2401 1364 2470 mino-

245 2524 319 2574 rem
343 2501 482 2573 fratrem
512 2503 673 2600 Aeschyli
699 2503 800 2574 fuisse
824 2513 969 2574 narrant.
1026 2505 1081 2573 lle
1112 2503 1285 2597 Qnegiro
1311 2523 1365 2574 rea

245 2613 339 2674 certa
352 2615 418 2692 est,
444 2606 489 2674 de
504 2630 573 2697 quo
587 2608 693 2676 multa
707 2607 946 2677 Valckenarius
959 2606 1005 2675 ad
1018 2605 1186 2677 Herodot
1202 2609 1261 2677 VL
1279 2606 1363 2676 114.

244 2727 281 2798 p.
306 2703 395 2776 491.
416 2731 486 2798 seq.
507 2709 616 2778 Huius
638 2710 739 2778 virtus
760 2710 853 2778 utin
875 2732 994 2802 pugna
1017 2708 1235 2780 Marathonia
1256 2712 1364 2782 incla.

244 2803 374 2896 ruerat,
405 2812 453 2879 ita
473 2811 623 2880 Aminias
642 2812 797 2902 quidam,
829 2812 1050 2898 Pellenensis,
1083 2822 1166 2885 teste
1184 2814 1365 2884 Herodoto

246 2910 341 2981 vlu.
361 2909 422 2980 84.
449 2909 510 2985 932
542 2915 717 3007 inpugna
740 2915 924 2985 Salaminia
952 2917 1141 3008 praemium
1162 2917 1366 2986 fortitudinis

247 3011 392 3106 adeptus
424 3021 484 3086 est.
542 3016 697 3088 Confusis
732 3020 778 3088 ob
808 3018 1076 3101 similitudinem,
1116 3041 1203 3109 quse
1231 3018 1366 3089 diversa

248 3125 361 3203 crant,
391 3118 541 3188 Aminios
570 3145 592 3189 a
612 3122 813 3212 quibusdam
839 3121 943 3192 frater
963 3121 1099 3194 habitus
1120 3132 1171 3191 est
1191 3121 1365 3214 Aeschyli,

247 3227 286 3288 ut
314 3221 359 3289 ab
383 3220 538 3291 Diodoro
563 3224 681 3294 Siculo
703 3226 762 3294 Xl.
792 3225 853 3298 27.
880 3236 913 3295 et
935 3226 1079 3295 Aeliano
1098 3223 1142 3296 V.
1166 3225 1212 3296 H.
1236 3223 1279 3296 V.
1302 3225 1363 3296 19.

244 3319 330 3392 Inde
362 3321 509 3412 factum,
542 3327 604 3394 nisi
645 3329 765 3416 fallor,
798 3339 835 3398 ut
867 3331 956 3399 vitae
988 3330 1131 3420 scriptor
1165 3338 1199 3398 et
1230 3329 1365 3417 Suidar,

244 3434 405 3516 utrosque
424 3449 505 3497 vera
526 3428 648 3499 dixisse
671 3432 749 3517 rati,
774 3426 942 3501 Aminiam
962 3440 1119 3522 putarent
1135 3432 1279 3503 alterurn
1294 3435 1365 3504 Ae-

245 3527 355 3626 schyli
376 3530 533 3621 struem,
566 3557 710 3626 cumque
732 3535 896 3608 minorem
915 3545 996 3606 natu
1018 3534 1128 3605 luisse.
1212 3625 1216 3634 Ι
