3120 5030
270 330 349 392 PRO
375 329 638 408 unumunurn:
665 331 809 395 (ilil’lllil
834 331 1056 396 theonaus.
1080 332 1249 396 annuns.
1295 337 1320 402 8

207 501 445 598 Ριιιιιιιιισιιιι
435 527 483 572 ιιι
480 504 544 572 ·.ed
565 503 658 574 Flor.
682 507 800 602 aDqtus
822 529 843 576 a
865 505 1060 574 Dorvillio
1050 529 1084 574 ιιι
1102 507 1223 578 Venno
1245 508 1318 580 crit.
1389 469 1393 490 ,

205 623 243 700 p.
258 608 345 678 418.
354 609 597 700 postverbap.
609 609 643 678 3.
661 610 715 682 ed.
726 611 830 691 Turn.
846 618 881 677 et
896 611 1010 678 Paun
1029 603 1092 682 duci
1106 611 1176 686 cori
1192 603 1319 733 o'rapos

208 710 268 783 ναὶ
289 705 438 799 ότατος,
464 712 585 797 addat,
613 706 853 806 διαλαμβάνει
875 739 955 806 περι
973 705 1113 786 andros
1131 709 1319 810 Medum
1441 766 1448 784 ι

128 821 135 834 '
208 818 247 888 ἐν
271 814 324 908 τῷ
346 813 427 907 περι
448 817 591 909 μέτρων
611 811 838 910 πλατύτερον
865 842 961 906 μετα
953 809 1175 910 πολλῆς
1129 844 1191 913 της
1210 812 1319 910 ἄκρι-

207 915 331 1008 βινάς,
360 917 419 988 καὶ
444 945 462 987 o
455 911 704 1039 βουλόμενος
728 923 867 990 ἐκεῖθεν
891 917 1193 1011 acquiescerem,
1233 919 1320 986 nihil

208 1019 266 1086 de
279 1011 442 1086 formis'
423 1045 548 1113 οτιρος
573 1029 607 1086 et
630 1013 759 1100 ότατος
784 1021 818 1086 in
843 1019 1007 1088 Draconis
1037 1009 1127 1088 libro
1143 1022 1318 1112 reperitur

206 1123 296 1189 Nam
316 1122 514 1190 scholiastae
534 1123 625 1192 istius
648 1122 819 1190 adnotatio
840 1145 908 1190 nou
930 1123 976 1192 ad
995 1121 1058 1190 hos
1080 1123 1224 1208 formas,
1258 1123 1320 1200 sed

208 1225 253 1292 ad
272 1226 407 1294 nomina
413 1215 578 1294 vocalem
595 1226 774 1316 ancipitem
794 1225 971 1310 habentia,
996 1248 1083 1315 quae
1104 1235 1180 1295 ante
1206 1227 1250 1294 ab
1275 1247 1320 1294 eo

209 1339 403 1412 enumerata
423 1321 533 1412 erant,
558 1338 704 1420 spectat,
732 1329 916 1419 dequibus
939 1353 1017 1416 sane
1038 1331 1171 1398 uberius
1190 1327 1320 1398 disserit

206 1431 330 1503 Draco.
381 1432 498 1499 Potius
522 1453 563 1498 ex
582 1432 644 1498 isto
665 1431 863 1516 scholiastae
886 1433 1074 1500 testimonio
1098 1432 1219 1524 colligi
1237 1454 1320 1524 pos-

206 1543 272 1620 set,
299 1546 356 1602 aut
375 1535 425 1602 illi
446 1535 616 1626 epitomen
632 1535 794 1604 Draconis
817 1545 892 1602 ante
909 1537 1024 1606 oculos
1038 1535 1151 1620 fuisse,
1176 1546 1246 1620 eut,
1262 1535 1322 1624 qui

205 1637 242 1704 in
262 1638 339 1706 cod.
363 1637 538 1706 Parisiensi
566 1647 614 1704 est
634 1638 796 1706 Draconis
821 1638 924 1722 liber,
956 1638 1069 1707 multis
1085 1638 1320 1708 additamentis

207 1763 277 1813 esse
302 1751 436 1811 anctum
498 1739 623 1810 Scribit
648 1741 736 1809 enim
757 1739 969 1810 scholiastes.
995 1769 1043 1814 τα
1035 1733 1101 1814 δὲ
1119 1765 1320 1838 σισημειω

205 1844 298 1968 μένα
314 1849 351 1914 ἐν
369 1845 608 1936 τοιςβραχέσι
622 1870 745 1938 μανρα
768 1845 840 1916 τῶν
857 1845 1089 1938 φωνηέντων,
1116 1843 1141 1915 οἳ
1163 1844 1223 1914 ναι
1244 1871 1319 1934 χω-

207 1943 258 2038 ρὶς
281 1940 345 2018 δύο
367 1940 567 2068 συμφώνων
590 1975 648 2018 και
673 1947 849 2018 δαιλιιν’
831 1946 1052 2036 succlamat
1061 1999 1075 2032 ,
1103 1936 1222 2017 ταῦτά
1248 1947 1319 2018 εἰσι

206 2075 299 2126 uara
314 2055 504 2138 στοιχεῖον.
557 2050 671 2138 Atqui,
698 2072 785 2137 quae
800 2046 923 2116 deinde
937 2029 1105 2116 vocabula
1117 2047 1230 2155 ponit,
1258 2070 1319 2115 eo-

205 2171 279 2219 rum
296 2151 466 2240 aliquanto
488 2153 649 2220 maiorem
672 2173 847 2220 numerum
870 2151 963 2242 apud
985 2127 1201 2220 Draconem
1192 2151 1320 2222 inveni-
1397 2147 1404 2168 ‘

205 2274 288 2318 mus.
341 2254 381 2320 ln
406 2255 473 2321 fine
495 2266 606 2324 tamen
629 2254 791 2324 Draconis
815 2256 902 2320 liber
933 2275 1001 2320 non
1028 2253 1161 2322 videtur
1188 2254 1320 2346 integer

207 2377 296 2436 esse,
321 2355 401 2444 ipsis
425 2359 578 2424 extremis
596 2357 706 2423 verbis
729 2358 958 2446 arguentibus:
984 2357 1047 2426 νῦν
1072 2358 1109 2446 δὲ
1124 2358 1345 2447 unedone-5

206 2481 274 2548 (ιον
298 2455 356 2526 καὶ
380 2451 442 2526 διαὶ
472 2451 759 2552 διαγραμμάτων
784 2451 1005 2550 ἐκθήσομαι,
1041 2451 1092 2526 ἵν’
1125 2458 1203 2552 ἔχῃς
1228 2453 1320 2554 ῥᾷον

196 2559 474 2647 ἐξανίστασθαι.
536 2561 607 2627 Sed
636 2570 819 2646 utcumque
848 2557 935 2627 haec
967 2583 1002 2626 sc
1032 2557 1202 2644 habeant,
1243 2560 1320 2628 satis

119 2659 120 2662 ¹
207 2661 285 2742 erit,
311 2661 587 2751 siinterpolatum
601 2686 671 2731 esse
689 2662 875 2756 ostendero.
909 2664 961 2731 Ac
978 2677 1045 2728 non
1056 2649 1200 2752 urgebo,
1226 2661 1320 2754 qnod

173 2809 176 2813 -
204 2765 362 2828 nonnulla
381 2776 515 2852 praeter
538 2766 764 2834 necessitatem
789 2764 869 2854 ipsis
892 2765 1000 2832 verbis
1021 2775 1234 2854 repetuntur:
1266 2789 1321 2832 sa-

204 2865 244 2930 tis
263 2866 349 2932 enim
368 2869 578 2935 manifestum
599 2878 662 2951 est,
690 2868 812 2934 librum
831 2869 930 2934 istum
946 2868 1018 2934 fere
1038 2876 1147 2934 totum
1170 2889 1211 2934 ex
1233 2868 1321 2936 alio·
1354 2909 1358 2922 ·

78 2977 86 2986 ‘
205 2990 280 3034 rum
299 2970 429 3058 scriptis
451 2965 764 3062 grammaticorum,
791 2970 1002 3058 maximeque
1026 2965 1230 3056 Herodiani,
1258 2971 1322 3040 de-

205 3080 359 3160 cerptum
386 3095 468 3142 esse.
525 3071 617 3142 Illud
640 3093 719 3141 vero
742 3073 875 3164 gravius
902 3084 968 3157 est,
1001 3072 1095 3160 quod
1115 3095 1188 3140 non
1235 3097 1320 3142 anca
1374 3123 1389 3133 -

205 3172 262 3240 ille
283 3175 448 3261 continet,
475 3200 563 3265 quae
586 3187 645 3244 aut
666 3178 713 3243 ita
733 3176 938 3258 referuntur,
964 3081 1257 3294 quemadmoddm
1276 3179 1319 3244 ab

205 3276 341 3364 antiquo
363 3279 501 3367 quidem
523 3292 557 3347 et
572 3279 680 3348 docto
697 3279 917 3370 grammatico
936 3279 1055 3346 referri
1077 3277 1131 3346 vix
1150 3288 1320 3370 poterant,

205 3389 263 3445 ant
285 3390 354 3446 tam
373 3382 457 3450 falsa
473 3393 559 3466 sunt,
587 3393 623 3450 nt
643 3405 710 3449 non
726 3381 899 3449 videantur
916 3382 1139 3474 grammatico
1160 3382 1320 3472 imputari

205 3501 322 3571 posse,
363 3486 422 3573 qni
451 3507 573 3574 quum,
612 3485 768 3554 Endooia
797 3509 840 3576 p..
862 3485 946 3552 134.
976 3493 1010 3550 et
1036 3483 1142 3551 Suida
1169 3485 1319 3565 testibus,

204 3595 339 3675 praeter
364 3588 431 3654 alia
455 3589 500 3655 de
521 3589 658 3682 Pindari
681 3598 715 3654 et
735 3586 896 3676 Sapphus
919 3585 1046 3668 metris,
1074 3585 1185 3674 deque
1199 3586 1320 3657 Alcaei

206 3689 406 3756 carminibus
426 3690 611 3780 scripserit,
631 3687 713 3760 satis
729 3689 882 3756 debuerit
900 3699 1080 3778 poetarum
1098 3689 1242 3757 lectione
1259 3712 1320 3759 ex·

204 3791 359 3860 ercitatus
378 3813 458 3862 esse.
509 3794 633 3861 Prioris
664 3793 796 3884 generis
819 3791 889 3860 hoc
914 3790 1107 3880 exemplum
1129 3814 1320 3916 apponam·

205 3887 325 3980 λιμός
349 3922 369 3988 q
361 3889 675 3990 παραληγσιισα
658 3892 874 3968 cerethaeos
900 3918 1088 3981 πανταχον
1105 3887 1175 3990 yoip
1199 3900 1319 3968 ἐκτιν-

204 3987 359 4084 νόμινον
394 3995 511 4094 εὖρον.
563 3999 697 4066 Horum
727 3997 860 4081 ultima,
899 4019 987 4084 quae
1016 3996 1111 4084 quasi
1138 3997 1318 4066 dubitantis

203 4097 308 4164 rerba
328 4109 422 4184 sunt,
448 4105 523 4190 quis
545 4102 663 4170 credat
683 4125 703 4167 a
724 4100 827 4170 docto
851 4123 934 4168 esse
945 4099 1124 4190 periteque
1144 4122 1318 4194 ςτιιιιιιιιι-
1356 4095 1361 4104 ’

203 4199 274 4267 tico
295 4203 437 4293 scripta,
463 4223 565 4292 quern
583 4205 704 4296 lugere
723 4225 792 4270 non
807 4203 990 4294 potuisset,
1015 4203 1053 4270 id
1079 4226 1150 4272 esse
1175 4205 1319 4274 certissi

205 4304 324 4371 mum?
347 4309 493 4376 Alterius
511 4309 643 4442 generis
659 4307 747 4376 haec
761 4306 833 4376 duo
851 4306 1008 4398 exempla
1025 4329 1191 4396 promam.
1225 4305 1318 4397 Δία,
