3080 5054
568 368 880 480 ιιιιιιιιιιι.
1213 373 1282 458 ιιι

167 543 261 630 Nec,
292 543 465 636 sionibus
483 540 518 614 io
538 543 713 616 codicibus
735 542 849 630 deest,
873 543 941 612 ulia
965 543 1149 616 omissionis
1164 566 1282 640 mussa
1340 538 1341 548 ’

166 647 251 732 fuit,
298 669 401 736 quam
435 648 601 717 aberratio
628 646 842 717 librariorum
877 655 1022 739 propter
1048 649 1281 748 repetitionem

166 759 417 842 postremorum
432 751 626 822 uerborum.
676 751 739 820 Est
761 750 869 834 enim,
894 751 921 820 si
941 749 1135 840 quisquam,
1159 753 1280 844 genui-

163 853 246 941 nus,
271 853 378 924 modo
411 853 554 925 Baccho
585 854 768 938 tribuatur,
800 875 897 923 more
923 875 983 922 suo
1005 855 1120 945 inopte
1140 855 1280 924 interlo-

165 957 302 1046 quenti,
327 957 423 1048 qnod
445 959 513 1026 iam
530 979 572 1028 ex
587 956 728 1046 antiquis
748 955 887 1046 quidam
903 956 1136 1026 intellexerunt
1152 957 1281 1052 facien7

165 1059 251 1128 dum
275 1081 356 1130 esse.
407 1059 621 1151 Itaqueiam
653 1059 699 1128 dc
727 1060 838 1150 primo
873 1070 1001 1128 tantum
1030 1068 1132 1149 atque
1160 1060 1280 1158 ultimo
1333 1098 1335 1102 ·

165 1161 318 1252 quaestio
357 1172 427 1248 ιιι,
471 1174 584 1234 utrum
610 1161 790 1254 ‘Aeschyli
828 1162 911 1247 sint,
956 1185 1000 1231 an
1029 1162 1279 1254 ,Aristophanis
1394 1173 1426 1204 ·’

165 1265 340 1335 Plutarchi
361 1267 474 1336 citatio
493 1266 580 1335 nihil
598 1265 644 1334 ad
662 1289 744 1336 rem.
795 1265 864 1334 Hic
885 1263 1032 1356 pn'mum
1044 1290 1176 1336 versum
1191 1268 1280 1336 omi-
1380 1313 1385 1318 -

160 1368 228 1455 sit,
252 1369 434 1458 quioquid
455 1368 697 1462 Aristophanes
717 1369 762 1438 de
778 1366 959 1438 Alcibiade
973 1368 1140 1452 sensisset,
1165 1369 1281 1448 dicere

143 1461 312 1540 solebat.
362 1472 401 1542 si
422 1472 560 1542 testibus
591 1471 781 1564 agendum,
819 1469 1061 1562 Aristophanes
1085 1471 1192 1540 videri
1215 1471 1279 1564 de-¹

165 1574 226 1644 bet
247 1573 312 1644 hos
330 1597 442 1656 versus
461 1575 508 1644 ad
525 1577 720 1666 exemplum
736 1574 888 1645 dictionis
908 1573 1119 1666 Aeschyleae
1133 1597 1279 1668 compo-¹

161 1678 287 1770 ¹¹suisse,
320 1679 479 1768 quoniam
506 1678 599 1749 hunc
627 1679 823 1769 loquentem
843 1677 999 1751 faciebat.
1055 1679 1167 1748 Nemo
1189 1679 1279 1748 enim

55 1849 57 1856 ,
162 1775 286 1876 ιιιιιιιιιι
309 1781 441 1867 scribit,
467 1782 608 1874 abipso
631 1780 806 1872 Aeschylo
824 1779 932 1852 factos
948 1804 1027 1852 esse.
1078 1780 1151 1851 Sed
1172 1803 1276 1872 quum
1285 1789 1326 1855 14

162 1887 202 1952 ‘et
220 1881 341 1974 fugere
362 1884 531 1974 quaedam
555 1885 750 1958 scholiastes
777 1886 966 1977 potuerint,
1001 1907 1111 1977 neque
1131 1885 1280 1978 integros

162 1981 352 2054 habeamus
377 1997 528 2057 veterum
555 1987 829 2075 commentarios,
871 2011 1053 2079 versusque
1091 1989 1158 2081 ipsi
1195 1989 1279 2058 tales

163 2088 243 2174 siut,
278 2090 394 2177 quales
417 2091 462 2156 ab
486 2090 659 2180 Aeschylo
679 2090 803 2160 alicubi
831 2092 958 2179 positos
983 2091 1053 2159 veri
1072 2091 1280 2160 simillimum

162 2191 224 2276 sit,
264 2192 461 2282 prbesertim
491 2213 596 2280 quum
624 2192 744 2260 eadem
772 2191 934 2258 sententia
959 2192 994 2258 in
1021 2192 1279 2281 Agamemnone

163 2316 198 2366 v.
219 2293 306 2362 726.
339 2318 432 2384 seqq.
455 2295 655 2366 inveniatur:
700 2293 802 2365 facilc
827 2293 984 2376 credam,
1023 2292 1126 2385 ipsius
1153 2304 1277 2384 poetae

163 2399 272 2464 verbis
291 2421 388 2466 usum
402 2421 472 2466 esse
483 2396 754 2488 Aristophanem.
805 2397 884 2465 Non
898 2405 1012 2464 tamen
1031 2406 1089 2464 aut
1108 2395 1179 2466 hoc
1192 2420 1277 2467 con-

162 2500 317 2585 tendam,
356 2510 413 2570 aut
434 2500 469 2572 in
487 2498 695 2569 Danaidibus
717 2521 775 2568 eos
798 2499 900 2568 fuisse
924 2500 1085 2590 scriptos:
1117 2499 1178 2568 sed
1199 2502 1277 2568 satis

162 2601 278 2671 habeo
295 2603 427 2687 dicere,
448 2614 546 2694 aptos
569 2603 655 2694 hnic¹
665 2602 802 2671 fabulae
824 2603 935 2671 fuisse.
986 2601 1083 2672 ldem
1102 2604 1209 2671 sentio
1231 2605 1277 2672 de

161 2705 239 2786 aliol
258 2705 420 2797 Aeschyli
447 2729 563 2793 versu,
595 2706 653 2794 qui
673 2728 741 2773 non
760 2705 868 2776 minus
891 2706 1167 2780 accommodatos
1188 2707 1278 2778 foret

161 2807 360 2878 conflandae
377 2811 411 2880 in
431 2809 606 2902 Lynceum
627 2809 789 2880 insidiae:

313 3014 427 3092 δεινοὶ
444 3015 586 3096 πλέκειν
610 3042 671 3092 τοι
689 3009 854 3115 nazareis
878 3008 1091 3110 Αἰγύπτιοι.

161 3217 209 3290 Vt
242 3219 405 3311 Aeschyli
435 3239 568 3292 versum
599 3219 747 3289 affemnt
772 3216 881 3287 schol
910 3214 1084 3308 Aristoph.
1111 3213 1157 3284 ad
1182 3213 1272 3286 Nub.

163 3322 274 3392 1128.
289 3324 397 3395 schol.
417 3323 496 3397 cod.
517 3322 614 3392 Med.
633 3321 679 3390 ad
696 3321 847 3390 Theoor.
860 3318 1024 3396 Adoniaa.
1038 3317 1099 3388 48.
1120 3319 1156 3386 in
1171 3320 1273 3393 War-

162 3429 233 3494 toni
246 3427 415 3496 Emendd.
437 3427 604 3496 editorum
625 3423 733 3494 schol.
757 3423 802 3491 Τ.
818 3424 846 3492 Ι
866 3421 1002 3516 pact.
1025 3432 1058 3490 et
1081 3421 1161 3492 inde
1178 3419 1278 3512 apud⁴

160 3528 281 3598 Valcle
295 3531 340 3598 ad
356 3530 521 3601 Adoniaz.
546 3524 683 3623 p..356
702 3535 737 3596 et
756 3549 825 3594 sune
837 3548 971 3595 nomme
988 3525 1134 3594 auctoris
1150 3523 1275 3615 Steph.

159 3631 278 3722 Byr.
268 3656 303 3702 ιιι
322 3656 354 3706 ι.
374 3635 584 3727 Aiyortcoc,
608 3630 806 3723 Apostolius
822 3628 881 3697 Vl.
901 3628 962 3698 94.
985 3627 1114 3699 Zenob.
1133 3627 1193 3696 lll.
1210 3623 1273 3698 ιι.

54 3775 57 3782 ,
161 3737 255 3826 ιιιιιιι
269 3759 372 3825 quem
385 3739 574 3810 aldemaro
587 3729 754 3844 μηχανιις
764 3733 937 3825 scriptum,
962 3731 1193 3825 Diogenianus
1209 3725 1274 3798 lv.

159 3835 221 3906 35.
251 3831 311 3908 ubi
333 3840 477 3928 atium
497 3832 563 3924 τι,
597 3831 754 3907 8ηιιιιι”
739 3859 775 3904 ιιι
795 3834 896 3907 hoo
886 3856 962 3927 ιιιιο
990 3833 1189 3926 proverbio,
1213 3825 1273 3902 ubi

159 3941 240 4010 edd.
254 3941 398 4012 Mediol.
412 3942 493 4010 Ald.
510 3968 589 4028 τοι,
615 3941 676 4010 sed
692 3941 770 4008 Bas.
787 3940 880 4009 Port
894 3939 991 4008 Kust
1011 3929 1237 4008 Schottns
1187 3963 1270 4018 τας,

159 4054 193 4113 et
217 4045 265 4114 sic
283 4045 446 4116 schottus
479 4046 580 4115 etiam
606 4045 651 4113 ad
672 4042 787 4134 Adag.
812 4066 847 4135 p.
869 4041 955 4111 340.
981 4049 1015 4109 et
1037 4041 1136 4125 alibi,
1169 4048 1272 4130 atque

157 4147 319 4216 Kusterus
354 4150 400 4217 ιιι
437 4149 577 4222 Tlresm.
613 4147 700 4218 929.
733 4169 837 4235 qnam
878 4141 1127 4215 adnotationem
1164 4163 1278 4242 quum,

155 4249 343 4322 Brunckius
361 4253 430 4322 suis
448 4252 651 4340 inseruisset,
676 4252 711 4319 in
728 4249 893 4320 addendis
915 4242 1272 4330 scammonia,

155 4375 286 4448 uersum
301 4355 467 4447 Aeschyli
491 4379 579 4439 esse,
604 4354 855 4447 legendumque
878 4381 949 4430 ror
