3078 5026
552 341 882 412 orssnltufflo.
990 273 995 300 Ι
1209 353 1277 418 lta

157 457 349 585 tendendo
356 536 492 586 ornnem
519 539 633 588 rernm
655 524 809 588 naturam
826 519 1096 610 pertentaverint.
1147 519 1275 592 Mansit

157 610 356 712 cognatum
367 620 531 713 verbum,
557 619 618 691 sed
633 621 729 692 brevi
743 621 856 714 prima
878 621 1027 714 syllaba,
1053 623 1242 700 τιταίνιιν.

262 822 486 894 Tentamentr
504 822 594 898 brec
613 827 745 898 fuerant
766 825 965 898 condendae
990 849 1104 898 rerum
1125 836 1274 916 naturae,

158 925 221 994 sed
248 927 357 1010 irrita,
388 928 556 998 nondum.
564 930 651 999 iusto
674 930 810 999 invento
838 939 1114 1022 temperamento.
1172 927 1292 1002 Vnde

158 1051 279 1102 exosus
293 1040 388 1098 natos
409 1053 485 1100 snos
506 1031 654 1118 Vranus,
678 1043 716 1102 ut
730 1033 873 1122 quisque
884 1033 918 1101 in
932 1035 1044 1104 lucem
1058 1033 1165 1103 editus
1178 1042 1274 1119 esset,

156 1153 289 1202 nusum
302 1133 488 1206 occuluisse
502 1119 633 1206 dicitur.
684 1136 729 1204 Ei
743 1157 792 1204 rer
781 1135 930 1204 linem
920 1158 1095 1228 imponere
1110 1137 1178 1204 eius
1192 1144 1274 1221 erat,

118 1243 124 1260 ⁸
157 1235 217 1324 qui
234 1228 399 1332 Κρόνος,
425 1238 594 1324 Porticus,
619 1248 767 1310 vocatur.
819 1239 1101 1328 ltaquenntiquus
1116 1237 1275 1331 philoso-

158 1337 269 1430 phus,
302 1346 339 1406 ut
364 1340 591 1429 conquievisse
611 1351 818 1410 caeterarum
849 1341 967 1410 virium
995 1341 1096 1412 rudes
1117 1342 1276 1433 impetos,

158 1443 334 1530 solamque
355 1444 566 1533 superstitem
589 1445 744 1514 mansisse
765 1443 834 1512 vim
846 1443 1084 1535 perfectricem
1099 1444 1273 1530 indicaret,

159 1545 203 1613 ab
224 1543 294 1614 hnc
313 1555 487 1635 parentem
507 1547 672 1640 privatum
696 1569 765 1616 esse
790 1547 975 1638 generandi
997 1555 1161 1638 potestate
1179 1545 1274 1631 dixit,

156 1669 276 1716 verum
299 1650 452 1734 nonita,
478 1660 531 1736 nt,
558 1649 616 1739 qni
638 1649 706 1716 ium
729 1651 901 1718 exstiturus
924 1659 1009 1720 esset
1031 1672 1136 1718 novus
1160 1671 1273 1718 rerum

134 1763 138 1769 '
159 1749 260 1835 ordo,
286 1741 388 1821 udum
403 1762 578 1842 parentem
593 1752 745 1837 haberet,
772 1750 847 1840 (qui
864 1754 954 1820 enim
969 1754 1142 1844 potuisset,
1167 1774 1273 1842 quum

159 1875 202 1922 err
219 1852 339 1922 iisdem
360 1855 504 1942 viribus,
538 1856 718 1944 exquibus
738 1863 853 1939 anteo,
887 1855 948 1924 sed
968 1865 1048 1948 apte
1068 1855 1272 1946 temperatis,

159 1958 270 2026 enasci
293 1957 431 2027 deberet
441 1958 476 2048 i)
509 1959 568 2030 red
590 1969 627 2028 ut
648 1957 832 2050 generandi
851 1957 1002 2028 officium
1025 1984 1046 2028 a
1068 1969 1207 2050 parente
1227 1956 1272 2025 ad
1394 2029 1399 2038 ,

157 2060 267 2150 ipsam
286 2083 399 2129 rerum
422 2070 610 2130 creatarum
636 2072 789 2129 naturum
809 2061 1051 2132 transferretur.
1101 2062 1192 2130 llinc
1215 2083 1273 2128 re-

158 2163 256 2232 sectis
287 2164 391 2255 patris
422 2164 623 2254 genitalibus
647 2164 841 2254 sanguinem
863 2162 993 2251 Terra,
1036 2186 1149 2231 semen
1173 2162 1273 2232 Mure

157 2265 302 2356 excepit.
353 2270 407 2335 Ac
426 2266 535 2335 Terra
553 2265 690 2357 peperit
709 2256 921 2358 Ἐριννιίας,
946 2263 1149 2357 Γίγαντας,
1174 2257 1273 2355 νίμ-

159 2394 232 2461 φας
246 2364 398 2447 Μελίας.
450 2366 549 2452 Quae
563 2367 680 2438 fabule
697 2365 735 2433 iis
750 2367 956 2456 perobscura
975 2366 1128 2435 videatur
1139 2387 1274 2434 necesse

157 2478 229 2553 est,
245 2501 248 2508 ¹
262 2469 318 2558 qui
341 2469 476 2555 Furiae,
510 2478 544 2539 et
566 2483 642 2556 eos,
682 2467 727 2536 de
747 2467 867 2556 quibus
888 2476 1009 2558 postea
1030 2465 1173 2550 fabulati
1199 2475 1275 2534 sunt

156 2579 282 2663 poetae
299 2570 482 2664 Gigantes,
505 2573 707 2665 intelligunt.
758 2568 936 2661 Nymphas
957 2569 1080 2639 Melias
1100 2579 1210 2638 autem
1230 2591 1275 2638 ne

157 2685 286 2744 veteres
310 2674 467 2764 quidem,
505 2677 596 2767 quid.
612 2684 736 2759 essent,
768 2695 979 2766 perspexere.
1028 2673 1195 2764 Antiquos
1213 2671 1274 2742 ille

160 2781 400 2898 cosmogoniac
422 2779 579 2850 eonditor
603 2777 687 2870 quid
712 2776 864 2862 senserit,
901 2785 935 2844 et
952 2799 1005 2845 res
1025 2779 1119 2868 ipsa,
1153 2787 1186 2845 et
1208 2799 1274 2844 no·
1368 2857 1372 2878 ,

158 2882 249 2950 mina
266 2873 448 2952 declarant.
500 2883 548 2952 Vt
564 2883 661 2955 certis
677 2889 711 2950 et
725 2880 827 2948 firmis
840 2879 975 2973 legibus
992 2891 1112 2950 notura
1132 2880 1275 2949 adstrin-
1394 2953 1398 2963 ,

159 2995 314 3087 geretur,
345 2985 434 3054 fetus
456 2985 512 3055 cdi
532 3008 670 3058 necesse
693 2993 763 3053 erat
780 3005 847 3051 non
863 2983 1098 3074 imperfectoS,
1125 2983 1186 3051 sed
1200 3007 1275 3050 ma·
1319 3047 1322 3056 ,
1427 3062 1431 3074 Ι

60 3119 65 3133 ·
159 3099 265 3167 turos;
298 3111 407 3178 neque
430 3091 579 3178 steriles,
598 3089 658 3158 sed
683 3079 863 3166 fecundos3
895 3109 1004 3176 neque
1029 3093 1213 3172 aversantes
1238 3108 1274 3153 se

159 3192 320 3277 invicem,
346 3187 406 3258 sed
423 3193 609 3261 sociabiles.
660 3177 758 3258 Haec
782 3189 902 3278 quibus
921 3189 1144 3257 efficerentur
1164 3188 1275 3279 tripli-

160 3317 216 3365 ces
239 3304 375 3362 naturao
397 3293 501 3384 vires,
528 3317 642 3364 earum
661 3294 787 3384 primas
801 3290 935 3360 vocavit
954 3286 1164 3388 Ἐριννιίας,
1191 3290 1274 3359 Ma-

158 3396 301 3485 tutinas,
327 3422 349 3466 a
370 3400 474 3465 verbo
495 3390 689 3485 ἐλιννιίειν,
715 3403 841 3463 mutata
862 3392 974 3463 littera
1001 3393 1144 3485 liquida3
1179 3392 1274 3483 quod

158 3523 283 3569 nomen
300 3509 420 3592 postea
444 3499 490 3568 ad
512 3499 751 3570 cunctatricem
770 3496 952 3566 vindictam
978 3497 1110 3567 sceleris
1126 3495 1274 3563 transla-

157 3614 246 3689 tum,
286 3613 460 3692 materque
484 3603 660 3670 Furiarum
688 3602 766 3692 Νοιι
792 3623 862 3668 esse
884 3599 1072 3689 perhibita3
1111 3598 1274 3670 secundos
1360 3685 1364 3690 Ι

159 3705 339 3799 Γίγαντας
352 3705 556 3797 appellavit,
582 3701 774 3786 Genitales,
801 3702 1049 3791 cuiusnominis
1065 3712 1181 3794 apertu
1204 3701 1274 3768 ori-

160 3829 209 3901 gc
230 3819 295 3890 est3
327 3810 441 3879 tertias
463 3806 624 3896 Μελίας,
660 3805 851 3891 Cicurinus,
884 3804 984 3891 dixit,
1017 3806 1061 3874 ab
1084 3827 1125 3872 ea
1145 3804 1319 3893 radicclo

159 3911 252 3980 undo
276 3922 326 3981 est
350 3914 492 3996 verbum
510 3910 719 4005 μειλίσσων
741 3955 744 3964 =
777 3908 902 3979 Semen
932 3919 1044 3978 antem
1075 3907 1196 3994 lbani,
1229 3910 1273 3977 ab

158 4013 287 4104 aquis,
307 4017 386 4104 quia
406 4039 469 4108 per
491 4015 652 4084 humores
674 4012 780 4082 omnis
801 4013 975 4107 generatio
994 4013 1050 4098 lit,
1083 4020 1273 4105 exceptum,

162 4114 288 4188 creavit
305 4113 544 4216 Αφροδίτην,
570 4117 837 4208 Spnmicitam,
827 4138 859 4184 r
871 4138 900 4183 e
915 4116 1021 4186 cortus
1035 4116 1274 4218 appetentium,

159 4221 322 4292 latentem
339 4243 444 4309 usque
460 4220 505 4288 ad
497 4230 653 4314 tempus
671 4218 873 4314 pubertatis,
900 4219 989 4288 unde
1005 4219 1175 4310 appulisse
1188 4218 1297 4288 dici-

158 4333 216 4393 tur
241 4315 469 4420 Κυθήροις,
487 4290 673 4404 lratebriis3
704 4321 828 4460 deinde
848 4343 885 4392 se
905 4322 1124 4416 prodentem,
1150 4342 1273 4410 exque

212 4427 334 4496 Ηιιιιιι.
362 4425 429 4497 Or.
454 4426 498 4495 ll.
602 4531 605 4538 ,
1041 4423 1085 4494 M
