3058 5046
702 343 943 406 er1sTOLl
981 285 993 314 ⁴

377 824 617 898 urrs'rolm
641 826 708 897 All
733 825 809 896 Fll.
835 819 1198 894 LlNDEMANNVM
1223 819 1273 912 *).

194 1179 260 1242 397
334 1222 337 1236 .
367 1165 478 1239 Recte
492 1168 619 1254 fecisti,
642 1167 695 1245 vir
718 1165 1017 1260 praestantissime,
1043 1165 1138 1256 quod
1154 1187 1210 1232 me
1228 1161 1385 1255 longiore

262 1271 405 1363 epistola
423 1271 697 1342 adscribendum
711 1273 869 1340 excitasti.
921 1273 1009 1340 Nam
1030 1293 1099 1359 quo
1115 1268 1199 1336 mihi
1215 1267 1293 1358 plus
1309 1289 1385 1334 ma-

260 1374 366 1443 teriae
382 1373 427 1442 ad
443 1376 660 1447 scribendum
677 1377 878 1469 praebetur,
905 1383 997 1442 tanto
1013 1385 1046 1441 et
1059 1374 1153 1464 prius
1174 1381 1207 1439 et
1227 1370 1384 1438 libentius

260 1478 464 1569 respondeo.
516 1480 606 1548 Sane
636 1480 670 1547 in
693 1479 804 1547 verbis
825 1477 1001 1562 Prisciani,
1042 1499 1131 1566 quae
1162 1481 1278 1566 aperta
1309 1479 1385 1541 sunt

262 1583 357 1668 vilia,
383 1591 421 1650 ul
442 1587 560 1673 χειλια
578 1581 639 1673 **)
648 1637 662 1672 ,
690 1584 801 1677 ὃροκο
818 1580 924 1672 ***)‚
950 1579 1043 1648 haud
1067 1588 1261 1649 cunctanter
1277 1575 1385 1645 coni-

262 1709 347 1777 gerc
366 1695 513 1778 poteras.
552 1685 624 1754 Sed
646 1682 798 1758 πεντάκι
817 1685 899 1758 δέκα
918 1707 979 1755 cur
993 1678 1066 1752 'non
1086 1694 1230 1752 mutasse
1245 1690 1279 1748 tc
1294 1701 1383 1771 poe-

262 1789 366 1855 niteat
386 1787 509 1881 ****)‚
545 1811 614 1857 non
635 1787 756 1872 video,
797 1810 902 1876 quum
936 1785 1088 1859 πεοτοίκι
1118 1785 1259 1854 defendi
1282 1805 1383 1876 posse
1507 1851 1508 1862 ,

262 1889 424 1959 videatur.
483 1891 524 1959 ln
551 1892 613 1958 illo
636 1913 703 1957 non
732 1891 838 1958 ausim
859 1890 922 1957 tibi
946 1890 1109 1975 assentiri,
1142 1888 1237 1978 quod
1272 1913 1383 1960 κατε·
1507 1909 1508 1934 ¹

263 1985 374 2066 κοὲετο
401 1990 528 2086 *****)
556 1993 772 2061 Herodotum
787 1993 955 2083 scripsisse
969 2002 1077 2085 putas.
1129 1992 1220 2061 Mihi
1233 1990 1304 2061 hoc
1319 1990 1385 2058 At-

261 2092 368 2163 ticum
392 2097 525 2188 potius,
561 2106 594 2165 ct
615 2097 762 2190 vulgaris
792 2096 930 2186 quidem
960 2096 1121 2165 sermonis
1146 2119 1216 2166 esse
1240 2093 1384 2163 videtur.

262 2199 304 2266 ln
324 2199 386 2267 illo
404 2201 503 2284 loco,
529 2200 588 2290 qui
603 2210 704 2292 estp.
724 2198 810 2268 217.
826 2201 1019 2329 praeferam
1040 2200 1199 2290 equidem
1216 2197 1385 2291 posterio-

262 2325 334 2370 rem
352 2304 579 2373 coniecturam
596 2311 709 2390 ιιιεοη
734 2297 903 2399 καθάπερ
922 2303 1029 2403 φησὶν
1045 2297 1290 2428 Ηρόδοτος
1272 2328 1312 2376 εν
1331 2295 1385 2394 τῷ

262 2404 345 2501 περὶ
361 2406 554 2498 μουσικῆς,
582 2405 619 2488 ὸς
643 2409 805 2504 ἐπιφέρει
834 2406 962 2535 τρίτον
985 2401 1232 2502 ημιπόδιοκ
1208 2404 1303 2480 αντὶ.
1316 2398 1386 2476 aori

264 2502 375 2581 δύο
351 2536 464 2606 ημισο
479 2504 602 2595 πόδες,
627 2511 796 2608 apocrisis
810 2538 877 2599 ro,
904 2514 942 2583 ἑκ
963 2512 1001 2583 δὲ
1016 2502 1279 2605 Βατοοσιοέδης.
1314 2504 1385 2576 Sed

261 2611 340 2678 vide
358 2635 401 2681 ne
416 2613 522 2680 multo
537 2613 644 2681 leuius
661 2615 868 2706 corrigatu13
888 2607 1055 2736 καθάπερ
1074 2612 1183 2709 φησιν
1196 2603 1383 2687 Ἡλιόδω-

263 2738 346 2835 ⁰⁰⁶³.
357 2714 395 2796 ὅς
408 2715 575 2812 oportere
590 2744 648 2805 το,
675 2719 714 2789 ἐκ
727 2717 766 2789 δὲ
783 2708 1085 2814 Βατοοσιαδηςβ
1067 2743 1104 2788 eu
1118 2744 1169 2810 τῳ
1186 2742 1269 2810 περι
1284 2739 1385 2805 μου·
1456 2806 1459 2814 ¹

263 2816 382 2918 σικῆς,
409 2819 573 2915 ἐπιφέρει
593 2829 627 2887 et
645 2821 786 2909 reliqua.
837 2820 926 2886 Puto
942 2827 1053 2886 autern
1070 2841 1137 2909 ego
1156 2817 1386 2886 Heliodorum

194 2901 324 2986 tuehic
338 2917 452 3004 citari,
476 2921 654 2992 metricum
669 2922 788 3005 illum,
817 2943 919 3008 quem
939 2922 1010 2986 veri
1033 2921 1141 2987 simile
1160 2928 1226 3004 cst,
1253 2939 1388 3008 cogna-

261 3031 335 3089 tum
354 3021 404 3090 rei
424 3022 585 3094 metricae
606 3031 858 3117 argumentum,
885 3021 1046 3091 musicam
1069 3043 1208 3111 quoque
1224 3021 1385 3112 attigisse.

183 3207 187 3216 Ι
259 3126 315 3194 Ac
337 3125 456 3194 suadet
476 3124 547 3199 hoc
564 3128 662 3198 etiam
680 3124 958 3198 commemoratio
975 3123 1075 3219 pedis
1095 3125 1242 3216 metrici,
1268 3147 1386 3194 exem·
1427 3215 1432 3224 ι

305 3462 335 3552 *)
358 3467 441 3528 Haec
458 3467 602 3547 epistola,
633 3485 709 3545 quae
731 3487 793 3526 non
813 3475 879 3527 erat
901 3467 1015 3547 scripta
1031 3475 1065 3526 ut
1081 3465 1235 3546 ederetur,
1258 3467 1295 3528 ab
1313 3468 1384 3527 Lin-

264 3553 414 3613 demanno
436 3551 552 3612 adiecta
576 3560 621 3611 eat
643 3551 766 3611 editioni
791 3571 917 3631 operum
939 3551 1089 3612 minorum
1115 3551 1278 3636 Prisciani,
1310 3573 1385 3632 quae

262 3639 378 3720 prodiit
397 3638 491 3716 Lugd.
510 3639 576 3697 Bat.
593 3658 619 3696 a.
645 3643 738 3704 1818.
783 3636 841 3697 Sed
865 3637 943 3699 edita
967 3639 1075 3714 semel,
1098 3657 1160 3697 non
1174 3638 1335 3701 videbatur
1353 3637 1383 3698 in

263 3723 371 3784 horum
390 3724 606 3806 opusculorum
627 3722 804 3786 collectione
818 3721 982 3785 omittenda
998 3744 1070 3787 ease.
1088 3751 1090 3756 ¹

306 3872 350 3955 **)
372 3877 444 3957 Peg.
466 3881 542 3944 203.

306 4007 370 4111 m)
388 4029 459 4109 rag.
481 4035 555 4097 208.

282 4165 284 4172 ¹
309 4175 385 4259 ****)
406 4181 475 4259 Peg·
499 4188 574 4250 202.
599 4181 703 4244 confer
725 4204 758 4266 p.
780 4189 852 4250 373.

309 4299 407 4418 iun)
428 4335 500 4416 εις,
522 4340 596 4404 εοο.
