3078 5026
530 320 852 402 n1ssnnsnr10
878 323 915 382 11.
1213 327 1276 388 rao

163 497 357 582 repugnent
387 479 434 557 et'
450 491 537 558 falsa
572 491 651 577 sint,
692 492 973 586 disiunctaposse
997 495 1164 564 verissima
1192 517 1274 580 esse,

162 617 233 662 non
253 615 330 660 raro
354 593 494 686 egregia
512 595 658 685 reperies
678 597 748 663 veri
767 597 916 687 vestigia.
968 596 1102 666 Vellem
1122 599 1157 665 id
1172 597 1272 668 fecis-
1280 602 1321 666 12

164 706 216 764 set
237 695 450 786 BoeclrbiuS,
488 697 566 783 qui,
600 698 637 764 ut
658 697 742 766 mihi
771 697 920 784 videtur,
954 722 1022 767 nou
1043 700 1147 767 mado
1171 697 1277 768 fidem

161 799 365 890 scriptorum
385 795 613 883 locorumve,
633 799 752 888 quibus
773 791 850 869 usus
865 811 940 886 est,
973 825 1041 869 nou
1058 795 1187 891 ¹ubique
1200 801 1275 869 satis

163 901 383 991 ponderavit,
412 899 472 990 sed
485 901 653 989 quaedam
672 904 771 971 etiam
792 905 961 992 aliquanto
979 904 1150 994 cupidius,
1175 925 1277 992 qnam
1395 955 1398 965 .

108 1087 110 1092 ,
162 1027 229 1095 par
245 1013 331 1087 erat,
358 1001 403 1068 ad
427 1025 519 1072 suam
542 1007 809 1074 accommodarit
826 1003 1038 1075 sententiam:
1064 1030 1150 1096 quae
1176 1006 1204 1073 si
1220 1029 1303 1082 re·⁴
1386 1001 1388 1006 ’
1471 1045 1477 1058 ,

151 1116 258 1175 ‘mota
283 1105 465 1194 cupiditate
486 1107 743 1192 considerasset,
777 1099 885 1184 ¹minus
902 1118 942 1188 ,et
966 1110 1173 1178 dissensionis
1192 1109 1277 1176 inter

164 1211 364 1299 scriptorum
385 1210 591 1296 testimonia,
621 1219 655 1312 et
678 1209 888 1280 ‘difficultatis
908 1213 942 1279 in
966 1221 1157 1304 temporum
1179 1231 1276 1279 com-

164 1313 340 1405 putatione
362 1311 510 1380 futurum
535 1311 615 1380 erat

239 1513 367 1592 'Haec
396 1541 484 1588 nune
516 1517 635 1589 ordine
665 1518 950 1611 pertractabimus.
1008 1520 1062 1589 Ae
1097 1517 1276 1589 Boeclrhio
1333 1605 1334 1610 ἵ

166 1619 298 1688 videtur
310 1621 497 1712 Aeschylus
511 1645 581 1689 non
595 1629 670 1690 ante
692 1622 727 1690 in
740 1622 889 1692 Siciliam
907 1644 943 1692 se
962 1621 1150 1712 contulisse,
1174 1619 1276 1711 quam

165 1747 271 1812 quum
284 1722 423 1817 Olymp.
441 1725 612 1793 LXXVII.
627 1723 662 1790 4.
688 1725 733 1792 ab
749 1725 1052 1815 Sophoclevietus
1073 1735 1170 1805 esset3
1195 1723 1276 1792 inde

165 1827 332 1917 reliquum
348 1827 444 1900 ,vitae
473 1835 607 1918 tempus
636 1827 729 1918 apud
744 1863 747 1925 j
762 1829 894 1900 Siculos
906 1837 907 1840 ’
920 1829 1090 1920 exegisse,
1130 1826 1278 1916 ideoque

84 1997 90 2012 ,
166 1928 349 2020 Oresteam¹
362 1932 478 1999 absens
501 1931 672 2016 docuisse,
704 1931 842 2000 sonasse
867 1954 932 2022 per
949 1931 1058 2000 filium
1079 1929 1278 2022 Euphorio-

164 2056 252 2100 nem.
304 2033 403 2101 Haee
423 2035 553 2119 omnia,
578 2043 618 2101 ut
633 2034 741 2101 fatear
756 2035 851 2123 quod
871 2036 996 2119 sentio,
1021 2056 1139 2103 vereor
1154 2057 1196 2102 ne
1209 2055 1278 2100 non

166 2135 272 2202 modo
296 2136 436 2225 probari
453 2144 635 2234 nequeant,
661 2136 721 2202 sed
742 2159 785 2204 ne
808 2136 981 2228 eredibilia
994 2134 1152 2224 quidem,
1177 2135 1205 2202 si
1218 2127 1278 2204 ac«

165 2246 282 2308 curate
303 2237 568 2324 considerentur,
601 2236 741 2306 iudicari
768 2239 905 2328 possint.
956 2236 1082 2306 Ordior
1111 2261 1131 2305 a
1158 2237 1277 2327 profe-

54 2427 55 2431 *
165 2339 361 2409 ctioneista
384 2331 508 2408 Sicbla.
542 2342 672 2427 -Atque
703 2339 790 2407 illud
825 2339 963 2428 quidem
996 2362 1113 2424 nemo,
1146 2339 1278 2427 opinor,

166 2441 353 2526 dubitabit,
378 2443 459 2530 quin
477 2449 571 2511 recte
587 2439 784 2509 Boeckhius
798 2447 948 2525 censeat,
973 2440 1183 2530 Aeschylum
1201 2449 1280 2530 post

165 2539 307 2634 Olymp.
328 2545 499 2614 LXXVll.
518 2544 554 2611 4.
581 2566 686 2633 quum
708 2544 751 2611 ab
767 2543 886 2611 invene
898 2539 1082 2634 Sophocle·
1098 2544 1204 2612 vietus
1226 2565 1280 2611 es·

166 2657 236 2735 set,
256 2648 303 2714 ¹in
327 2638 476 2716 Siciliam
501 2648 628 2717 abiisse.
679 2647 768 2715 Nam
782 2667 850 2714 non
875 2645 981 2715 modo
1006 2647 1126 2737 plures
1134 2646 1168 2713 iu
1185 2667 1227 2713 ea
1241 2668 1278 2714 re

164 2759 262 2819 testes
288 2751 504 2835 conveniunt,
530 2750 591 2818 sed
617 2746 763 2818 afferunt
787 2750 888 2819 etiarn
912 2747 965 2834 ea,
977 2773 1078 2838 :quae
1104 2757 1220 2840 aperte
1244 2749 1294 2824 iu¹

128 2879 131 2884 ·
165 2854 254 2937 hoe,
279 2877 388 2942 neque
405 2853 497 2922 aliud
517 2862 650 2944 tempus
663 2852 838 2941 quadrent
886 2853 1120 2942 Plutarchus
1111 2875 1144 2919 ιιι
1160 2851 1278 2920 Cimo-

166 2977 268 3046 nep.
292 2955 377 3028 llt.
404 2955 507 3046 (884.
531 2957 585 3024 ed.
606 2957 652 3024 Η.
674 2954 812 3047 steph)
839 2950 985 3053 τιρείτην
1006 2950 1075 3052 γάρ
1101 2953 1275 3026 διδασκα-

167 3058 248 3132 λίαν
270 3058 340 3132 τοῦ
362 3060 640 3154 Souastene*
619 3087 675 3131 ετι
704 3061 788 3132 νέου
816 3059 1010 3146 καθέντος,
1041 3051 1275 3150 Ἀφεψίωνό
1376 3049 1379 3056 ’

168 3159 309 3255 ἄρχων,
342 3160 560 3256 φιλονεικίας
591 3159 716 3282 οὔσης
726 3160 787 3232 καί
820 3153 1050 3255 παραταξεως
1081 3156 1154 3230 τοῖν
1179 3159 1277 3230 θεα-

167 3262 262 3342 τῶν
288 3288 412 3358 κριτας
432 3258 578 3356 μὲνουκ
605 3251 778 3386 ἐκλήροοσε
803 3289 870 3335 του
897 3257 1047 3354 οέγυίνος
1074 3258 1119 3342 οἷς
1145 3260 1183 3333 dd
1196 3259 1277 3334 Κί-

153 3392 246 3493 Ιμοιν
270 3359 367 3458 nerui
391 3365 464 3438 τυίν
491 3358 746 3487 συστρατήγων
772 3357 961 3460 προελθοίν
987 3367 1036 3445 εἰς
1051 3391 1095 3436 το
1088 3357 1277 3484 θέατρον

167 3462 364 3562 ἐποιήσατο
398 3468 450 3563 τῷ
475 3467 567 3562 θεῷ
605 3461 671 3547 τοῖς
709 3467 968 3587 νενομισμένας
1000 3457 1171 3542 canusinis,
1214 3457 1277 3533 οὐκ

168 3567 305 3696 ἀφῆκεν
332 3564 465 3650 αὐτους
482 3566 696 3657 απελθεῐν,
714 3564 795 3642 αλλ’
826 3562 984 3660 ὁρκώσας
1004 3559 1192 3684 rjudyaunus
1207 3571 1277 3634 κα-

167 3671 275 3750 θίσαι
299 3673 359 3748 καὶ
384 3677 524 3770 κρῖναι,
561 3667 693 3743 δέκα”
671 3695 796 3756 οντας,
830 3661 905 3741 duo*
934 3666 1066 3789 φυλῆς
1079 3665 1165 3762 μιοῖς
1191 3653 1277 3736 ἕκα-

168 3798 266 3848 στου.
301 3773 415 3868 ομὲν
439 3771 504 3847 οὖν
531 3764 627 3865 αγσίν
651 3771 712 3843 καί
738 3765 801 3842 dte?
825 3763 872 3843 τί
895 3768 1117 3868 τοίνκφιτοίν
1138 3763 1277 3860 ἀξίωμα
1378 3769 1382 3778 ’

166 3903 236 3971 την
262 3875 476 3972 φιλοτιμίαν
502 3873 715 3998 υπερέβαλε.
761 3867 974 3968 νικήσαντος
999 3872 1037 3944 δέ
1062 3869 1276 3996 τοῦΣοφο-

165 3979 288 4058 κλέους
312 3981 453 4072 λέγεται
478 3971 545 4052 τείν
569 3971 756 4068 Αἰσχύλον
782 3974 971 4070 περιπαθῆ
995 3967 1192 4067 γενόμενον
1209 3970 1276 4042 καί

166 4081 348 4176 βαρέως
331 4076 541 4175 ενεγκόντα,
568 4072 699 4176 χρόνον
727 4106 770 4152 ον
796 4071 910 4149 σολον
935 4070 1117 4171 Αθήνησι
1143 4077 1276 4167 διαγα-

167 4189 291 4275 μεῖν,
304 4179 373 4254 εἶτ
399 4186 569 4272 οἴχεσθαι
595 4178 658 4254 δι
665 4176 776 4277 ὀργήν
803 4181 851 4260 είς
874 4177 1065 4267 Σικελίαν,
1100 4176 1194 4252 ὅπου
1218 4173 1277 4247 καί

97 4369 100 4376 ,
168 4281 383 4392 τελευτήσας
409 4281 490 4383 περί
522 4284 641 4382 Γέλαν
673 4283 869 4356 τέθαπται.
921 4280 1036 4367 Quum
1071 4304 1138 4349 non
1167 4277 1275 4392 statim
