3120 5030
571 329 903 450 u1ssuuu'lr10.
979 341 982 352 ·
1249 347 1292 410 ra

186 523 274 599 taut,
299 515 458 584 remetire
480 524 547 600 eet,
572 537 674 604 quam
693 516 787 605 qued
811 513 882 585 huc
901 513 989 582 trahi
1009 493 1109 606 paese
1129 515 1291 590 rideatur.

183 616 289 709 Apud
316 618 482 687 Catonem
508 617 690 687 Taecclico
710 618 862 690 scribitur
889 617 923 684 iu
945 617 1139 708 fragmentis
1154 617 1292 688 histori-
1395 621 1400 626 '

184 742 310 791 corum.
347 720 584 789 Phacelinum
603 742 736 788 amnem
748 721 901 802 Siciliae,
927 717 972 786 de
985 742 1054 808 quc
1070 717 1241 790 cluverius
1257 722 1292 790 iu

183 821 299 893 Sicilia
318 846 354 915 p.
370 821 455 892 tw.
475 822 514 893 0.
529 832 564 892 et
580 822 725 914 interpp.
748 823 794 890 ad
811 823 947 892 Vibium
967 845 1002 913 p.
1024 819 1110 890 lto.
1133 845 1290 894 unacum
1412 831 1418 844 ’

182 925 292 993 Diana
304 925 462 994 Facelina
484 925 554 994 huc
575 926 768 994 translatum
788 925 979 1016 auspiceris:
1003 924 1081 992 vide
1097 924 1290 994 Cluverium

183 1051 218 1119 p.
241 1022 326 1095 315.
341 1051 366 1095 ι.
389 1027 479 1097 Vere
501 1027 714 1119 Lampridius
742 1049 779 1118 p.
795 1027 880 1096 103.
900 1027 943 1096 1).
968 1032 1001 1096 et
1025 1024 1185 1097 orestem
1212 1028 1289 1120 qui-

183 1131 268 1199 dem
285 1128 414 1225 serunt
435 1152 504 1199 eurr
526 1153 632 1198 unum
651 1131 880 1198 simulacrum
896 1129 1057 1216 Dianae,
1081 1151 1146 1198 nec
1168 1153 1236 1198 une
1254 1131 1290 1198 in

182 1233 259 1301 loeo
265 1233 443 1325 pceuieae,
469 1232 534 1301 sed
552 1233 665 1302 multu
680 1234 717 1300 in
731 1233 859 1301 multia.
885 1231 1124 1324 Posteaquam
1137 1253 1175 1301 ee
1189 1233 1290 1324 apud

190 1335 276 1403 trie
292 1332 556 1429 ι11171ιὶηαῦοοὶ
578 1335 615 1403 id
636 1323 854 1430 uemeuesse
872 1333 999 1403 iudicat
1016 1334 1232 1402 casaubonus
1252 1357 1288 1426 p.

185 1435 270 1504 147.
286 1461 316 1504 a.
332 1437 389 1529 0.)
405 1439 503 1506 circu
517 1436 679 1506 Hebrum
694 1460 740 1508 ec
757 1458 923 1528 responso
937 1435 1157 1531 purificavit,
1182 1438 1290 1506 etiam

10 1533 19 1601 ζ
154 1537 355 1609 Ὀνεείαηι
371 1540 529 1612 condidit
547 1540 732 1609 civitaten.
783 1538 1017 1608 Videmushic
1037 1540 1190 1608 eamdem
1205 1562 1289 1625 rem,

184 1665 271 1731 quac
284 1645 341 1710 ab·
353 1643 424 1710 aliis
442 1644 478 1710 iu
496 1642 594 1711 ltalia
613 1643 753 1713 lucatur.
804 1642 868 1710 His
886 1641 992 1726 adde,
1018 1665 1105 1731 quae
1124 1641 1290 1714 Marafio-

183 1755 236 1813 tus
256 1746 290 1813 in
312 1745 399 1813 libro
415 1747 543 1814 Patavii
566 1770 596 1818 a.
613 1744 723 1814 1601.
750 1743 857 1830 edito,
887 1746 942 1815 cui
964 1744 1076 1814 titulus
1098 1753 1146 1813 est
1164 1743 1289 1814 Oroui-

185 1846 251 1915 ‹ne
279 1855 314 1916 ee
336 1849 508 1918 anticlea
529 1847 568 1918 ee
595 1831 786 1933 caedra,
812 1846 874 1915 fot.
890 1846 949 1914 ar.
972 1848 1004 1914 u.
1025 1846 1069 1916 uo
1088 1847 1289 1938 Proserpina

10 1987 14 2004 ι
73 1966 76 1968 ·
183 1949 311 2018 scribit:
346 1950 386 2019 lu
409 1951 466 2020 cdi
498 1949 646 2020 historia
673 1951 745 2022 eoei
766 1951 866 2019 viere
885 1957 1056 2019 rucemda
1084 1950 1136 2018 du
1157 1948 1289 2019 Proeto

183 2048 263 2121 nell*
283 2052 449 2144 Epitume
471 2054 518 2122 de
539 2053 709 2140 craculis,
742 2061 877 2124 mmdre
896 2054 1084 2145 raggiuna
1104 2053 1206 2145 degli
1223 2052 1290 2121 atti

126 2144 143 2214 l
183 2151 366 2248 d'Oreate.
416 2156 559 2226 Porru
583 2165 686 2226 tune
710 2155 988 2249 Hipponium
1019 2152 1170 2222 urbem
1198 2153 1290 2224 ca-

184 2257 277 2325 lcia
318 2259 415 2326 vita
443 2257 600 2352 suncti
639 2259 884 2350 Hermippi
924 2277 1034 2325 uxor
1072 2254 1290 2349 regebat,

183 2358 310 2429 cuiue
325 2356 445 2451 sitia
468 2358 753 2452 Proserpina
770 2379 855 2451 per
881 2357 915 2425 V
918 2356 1131 2431 ibunenee
1156 2358 1300 2426 littus·

159 2481 284 2547 ,eum
326 2468 612 2554 vagaretur,
657 2458 869 2529 Plutonia
918 2459 1064 2528 Sicuti
1098 2460 1300 2552 piratae»

184 2563 392 2631 incerare
419 2563 684 2648 nuneeaeit,
709 2583 796 2654 qua
821 2583 917 2630 cum
935 2561 1179 2654 plerisque
1197 2584 1290 2630 rnu-

184 2663 383 2734 lieribue
405 2672 563 2757 rupta,
592 2670 637 2732 ut
662 2664 826 2733 matria
851 2663 985 2733 delur
1009 2665 1288 2756 quiesceret,

184 2773 404 2860 tauquam
440 2768 484 2836 in
523 2766 649 2835 Deae
688 2767 828 2836 eortie
868 2773 1086 2837 mutatum
1127 2789 1288 2836 euaee-
1406 2841 1411 2850 ,

64 2905 75 2926 =
185 2877 289 2937 runt
330 2869 649 2962 hipponenses,
701 2870 830 2962 eique
875 2870 1090 2962 templum
1129 2892 1288 2940 erexe-

185 2978 311 3050 runt3
354 2972 614 3064 didicitque
653 2971 717 3043 idi
753 2971 940 3040 Orestes
979 2972 1289 3064 deponendum

185 3069 385 3164 furerem
409 3076 447 3144 ei
467 3082 574 3168 poet
607 3073 887 3143 ablutionem
912 3073 1085 3167 Rhegii
1109 3075 1290 3144 Dianae

186 3175 449 3246 Faecetidie
496 3177 808 3246 eimuiacrum
872 3177 1105 3269 erigeret,
1171 3176 1290 3269 qued

186 3300 322 3370 opere
354 3279 602 3371 complevit.
653 3278 751 3380 idern
770 3279 830 3346 fol.
853 3276 938 3345 132.
962 3302 992 3346 e.
1008 3280 1042 3348 b.
1058 3302 1149 3368 quae
1164 3281 1289 3349 Strabo
1362 3283 1368 3296 ’

187 3381 245 3448 Vl.
265 3404 301 3473 p.
318 3379 404 3450 394.
425 3382 470 3450 de
487 3381 665 3473 Hippouio
686 3382 807 3468 refert,
840 3381 974 3467 Latine,
1000 3382 1061 3452 sed
1083 3392 1211 3450 mutato
1232 3404 1291 3449 re-
1357 3371 1360 3379 ’

186 3505 260 3550 num
276 3483 394 3552 ordine
407 3507 501 3554 versa
518 3485 715 3574 explanans,
742 3486 790 3554 sie
806 3485 933 3554 scribit:
959 3484 1040 3552 dice
1064 3505 1199 3552 anceru
1224 3481 1290 3550 clue

185 3586 279 3678 quivi
301 3609 411 3658 verre
433 3587 654 3679 Proserpina
675 3589 724 3655 di'
740 3586 886 3662 Sieilia3
918 3582 979 3652 md
1001 3585 1109 3652 eredo
1137 3586 1202 3653 ciue
1217 3603 1291 3675 per

185 3687 310 3757 Sicilia
334 3689 530 3758 intendeeee
554 3695 673 3780 questo
695 3709 806 3779 paese
830 3686 869 3752 di
895 3685 1078 3772 Calabria,
1105 3688 1187 3754 etin
1199 3708 1291 3778 par-

185 3791 335 3860 ticulare
358 3791 516 3885 ippone,
545 3790 636 3858 dove
661 3790 893 3858 ardicamente
913 3790 1201 3882 eignereggiava
1217 3789 1290 3860 Ca-

186 3893 276 3972 tata·
309 3895 394 3964 altri
418 3895 458 3963 lu
481 3893 710 3962 chiameroec
734 3892 863 3961 Cerere
870 3915 883 3970 ,·
923 3915 991 3960 nun
1011 3893 1131 3985 quella
1145 3892 1221 3962 'clue
1240 3893 1292 3987 ju

184 3996 317 4066 aurelia
351 3997 391 4066 di
424 3996 598 4081 Saturne,
645 3992 707 4064 md
745 3994 875 4066 Cerere
926 3993 1125 4088 Ippuuiuca
1157 3999 1292 4090 megiie

10 4113 13 4130 ³
54 4129 57 4134 ·
186 4093 222 4164 d‘
236 4095 431 4191 Ermippo,
463 4121 560 4168 come
581 4095 644 4168 e’e
667 4099 764 4167 detto
786 4098 845 4165 nei
867 4099 1083 4190 precedente
1105 4098 1211 4185 libro,
1251 4100 1291 4168 la
1335 4163 1339 4166 .

185 4201 243 4268 eei
268 4199 439 4294 figliuota
462 4200 682 4293 Prceepinu
701 4199 752 4292 fir
778 4197 947 4268 rudbatta
971 4201 1023 4268 de
1047 4201 1196 4270 Plutone
1211 4207 1290 4270 cer-

185 4299 270 4374 suro
303 4299 386 4374 dell'
411 4304 502 4374 iectu
533 4302 575 4372 di
607 4301 751 4390 Sicilia,
782 4309 916 4394 mentre
940 4305 1027 4375 celei
1047 4301 1077 4375 ‘a’
1093 4300 1290 4376 aeduvad
