3058 5046
535 371 884 438 'nissnrrnrro
1090 333 1093 343 ’
1203 375 1269 440 21³

157 543 307 612 liliorum
319 539 504 634 Latipotis,
529 544 603 636 ipse
617 554 729 614 autem
746 546 781 614 in
798 545 883 638 fuga
902 545 1009 618 fracto
1034 567 1133 616 curru
1150 546 1185 616 in
1207 570 1248 618 ru

156 648 256 739 pibus
277 646 533 743 Σκειρωοίσιν,
557 649 765 740 Asperoniis,
792 649 836 716 ab
853 647 987 744 'mp,
1019 650 1186 739 Aquario,
1212 653 1267 720 in*

155 743 315 819 terfectus
339 757 397 816 est.
446 749 532 818 Inde
551 751 735 842 Popliclnti
761 754 943 846 progenies
967 761 1073 820 totam
1092 755 1267 845 Pelopon·

155 875 273 928 nesum
306 852 414 941 cepit,
458 852 518 920 sed
544 855 644 922 sterili
678 875 765 922 anno
788 855 977 939 incidente,
1016 865 1136 925 coacta
1162 866 1211 925 est
1231 858 1267 926 in

153 953 381 1051 Μαραθῶνα
387 1009 401 1042 ,
436 954 632 1043 Tabenam,
664 981 699 1025 se
717 957 886 1047 recipere:
926 953 1174 1054 Τληπόλεμος,
1205 981 1267 1028 au-

153 1067 235 1142 tem,
261 1055 484 1141 Perduellius,
509 1080 612 1147 quum
628 1060 822 1152 imprudens
835 1059 1126 1130 Subolescentium
1139 1063 1174 1129 in
1192 1058 1266 1152 ipsa

154 1159 271 1230 adhuc
286 1160 522 1249 Peloponneso
539 1162 733 1247 occidisset,
765 1164 858 1232 exsul
878 1163 960 1232 abiit
970 1158 1123 1252 Ῥόδον,
1149 1163 1266 1231 Tene-

119 1293 122 1297 ·
153 1263 248 1330 riam
299 1262 326 1329 Ι.
351 1284 380 1331 e.
402 1285 443 1331 ex
463 1263 534 1349 his,
560 1266 618 1354 qui
645 1266 800 1333 dintnma
818 1266 878 1333 illa
898 1265 1112 1356 expeditione
1136 1267 1265 1336 exerci-

152 1366 213 1434 tati
241 1363 285 1432 ad
316 1386 393 1433 suos
421 1366 608 1455 redierant,
649 1369 809 1436 exstitisse
836 1368 1030 1436 fortissimos
1061 1369 1168 1453 viros,
1205 1370 1264 1459 qui

152 1469 260 1560 longe
282 1468 417 1557 lateque
438 1471 570 1561 vagati,
595 1469 742 1562 plurima
756 1471 898 1562 egregia
913 1471 1063 1540 facinora
1077 1470 1262 1540 ediderunt.
1395 1485 1398 1500 ¹

152 1571 288 1640 Horum
308 1572 449 1660 posteri,
482 1575 603 1661 quibus
623 1574 741 1641 infensi
764 1583 858 1642 erant
871 1573 939 1658 illi,
964 1576 1023 1663 qui
1047 1595 1105 1645 eos
1122 1575 1264 1665 expule-
1337 1639 1339 1646 ,

150 1671 244 1758 rant,
278 1673 503 1764 confugerunt
525 1677 560 1742 in
582 1677 677 1745 locos
696 1677 831 1745 saltibus
853 1699 1007 1768 asperos,
1041 1686 1075 1745 et
1092 1676 1308 1746 uttmunttt

151 1777 200 1844 ibi
222 1776 428 1865 aliquamdiu
455 1779 525 1846 sine
554 1780 738 1847 vexatione.
796 1779 867 1848 Sed
893 1801 996 1869 quum
1025 1803 1061 1848 se
1091 1802 1159 1849 non
1188 1803 1263 1850 am-

95 1871 100 1881 '
150 1879 241 1970 plius
256 1888 344 1949 tutos
358 1891 531 1971 putarent,
556 1881 626 1952 huc
644 1882 728 1951 illuc
748 1883 830 1968 acti,
857 1883 1022 1974 compulsi
1037 1892 1111 1952 sunt
1130 1883 1165 1950 in
1185 1884 1263 1956 loca

150 1981 289 2066 sterilia,
322 1985 382 2052 ubi
402 1976 580 2076 impetrata
603 1987 788 2056 incolarum
810 1987 1036 2056 misericordia
1060 1987 1262 2076 auxilioque,

150 2084 220 2155 loci
240 2093 357 2153 nature
378 2088 528 2170 iuvante,
566 2088 624 2175 qui
646 2089 773 2154 alendis
783 2086 944 2158 hostibus
965 2110 1033 2156 non
1060 2089 1260 2174 sufficiebat,

150 2187 300 2256 vicemnt
328 2211 403 2274 eos,
443 2196 478 2256 et
504 2190 627 2278 partim
655 2191 740 2258 mari
765 2200 957 2280 merserunt.
1015 2190 1114 2258 Vnde
1138 2193 1262 2258 reversi

148 2299 316 2359 vastamnt
339 2292 630 2383 Peloponnesum,
677 2291 737 2359 sed
766 2290 858 2359 idem
887 2293 954 2382 ipsi
981 2292 1071 2383 passi
1097 2301 1201 2376 sunt,
1224 2302 1262 2360 ut

148 2396 254 2463 victus
274 2394 408 2486 inopia,
432 2394 625 2482 >amissaque
643 2394 677 2460 in
698 2392 834 2484 proeliis
855 2393 998 2461 maxima
1025 2402 1123 2484 parte
1142 2396 1261 2462 iuren-

146 2495 245 2579 tutis,
285 2497 369 2563 mari
400 2519 436 2564 se
453 2548 455 2554 ,
473 2496 699 2586 committere,
748 2503 849 2586 atque
886 2496 1111 2565 amoeniorem
1144 2496 1261 2577 sedem

146 2619 311 2689 quaerere
335 2609 547 2693 cogerentur.

161 2794 186 2894 J
249 2804 319 2872 Alii
340 2812 511 2896 postrema
532 2802 628 2874 aliter
653 2813 803 2892 narrant,
836 2812 874 2873 ut
902 2804 1072 2875 Diodorus
1106 2803 1166 2874 Ν.
1195 2800 1257 2873 58.

147 2898 349 2978 revertentes
379 2907 467 2977 duce
495 2911 664 3000 Aquario,
703 2931 807 2998 quum
829 2908 864 2976 in
886 2909 1015 2979 Isthmo
1043 2909 1175 2977 hostem
1204 2909 1258 2975 in-

147 3011 325 3096 venissent,
360 3012 518 3102 pactione
545 3013 651 3098 lacta,
686 3010 771 3080 duos
802 3034 866 3102 pro
899 3013 1055 3082 universis
1082 3011 1257 3080 dimicasse

146 3115 332 3202 Aquarium
359 3124 393 3182 et
419 3114 632 3200 Cohibuum,
680 3117 738 3202 qui
762 3115 919 3204 Ἔχεμος
956 3115 1089 3182 Graece
1119 3113 1257 3182 dicitur:

147 3237 314 3306 caesoque
332 3217 500 3305 Aquario,
534 3239 574 3285 ex
585 3223 689 3306 pacto
703 3219 874 3286 recessisse
891 3217 978 3288 illos.
1030 3215 1135 3300 Quod
1155 3221 1256 3306 a'per-

145 3329 217 3388 tum
234 3328 282 3387 est
296 3320 500 3412 significare,
526 3321 559 3386 in
575 3316 704 3386 Isthmo
728 3319 865 3385 navibus
879 3320 1047 3388 ‘advectos
1068 3317 1257 3410 prohibitos

147 3445 218 3490 esse
251 3424 478 3491 escensionem
503 3423 626 3492 facere.
685 3422 755 3492 Sed
786 3421 890 3490 redeo
924 3422 969 3490 ad
992 3422 1256 3511 Apollodorum,

110 3537 118 3544 '
144 3547 216 3613 quo
240 3536 377 3597 auctore
403 3536 567 3618 superstes
588 3526 707 3593 mansit
728 3525 912 3613 Aquarius,
945 3525 1003 3611 qui
1025 3546 1129 3611 quum
1151 3543 1256 3589 uxore

144 3628 249 3698 ducta
267 3623 379 3725 Ἰόλῃ,
406 3627 578 3719 Copianu,
602 3628 702 3694 tertio
717 3649 824 3708 anno,
855 3628 933 3714 quia
953 3636 1104 3716 segetem
1123 3625 1256 3707 tertiam

145 3733 330 3822 exspectari
352 3734 524 3801 oraculum
543 3732 697 3814 iusserat,
722 3729 866 3798 reditum
888 3736 1059 3817 tentasset,
1092 3751 1113 3796 a
1138 3731 1275 3800 Τισο-’

143 3835 268 3927 μένῳ,
296 3835 471 3920 Vindicio,
502 3831 700 3930 Ὀρέστου,
733 3832 843 3901 Exciti
863 3832 888 3899 i.
908 3831 1068 3915 vincitur,
1100 3852 1198 3900 caeso
1220 3830 1268 3896 in·

142 3957 264 4027 pugna
284 3931 563 4033 Ἀριστομάχῳ,
594 3936 840 4004 Fortissimano.
899 3937 1024 4003 ltemm
1050 3933 1173 4002 eodem
1194 3956 1253 4003 ac-

144 4045 249 4129 cepto
268 4043 424 4126 oraculo,
454 4035 631 4136 Τήμενος,
657 4041 868 4125 immensius,
892 4038 1032 4106 edoctus
1043 4029 1173 4105 tertiam
1187 4059 1253 4129 ge-

143 4141 349 4210 nerationem
370 4135 567 4233 significari,
598 4143 632 4210 in
654 4143 853 4236 Λοκρίδος,
891 4141 1043 4226 Calviae,
1075 4151 1172 4230 parte
1201 4157 1263 4223 ea,

143 4266 233 4334 quae
252 4238 471 4330 Ναύπακτος
481 4295 492 4333 ,
517 4245 674 4329 Navalia,
699 4247 791 4313 dicta
813 4253 888 4330 est,
904 4247 1041 4312 classem
1056 4244 1265 4312 fabricatur·

144 4348 197 4416 lbi
209 4355 343 4417 mortuo
362 4345 630 4446 Ἀριστοδήμῳ,
656 4347 871 4441 Optumatio,
895 4348 1005 4420 relicti
1021 4348 1083 4416 lilii
1098 4367 1139 4416 ex
1155 4342 1251 4441 Ἀρ·-
