3120 5030
249 381 271 442 ι
369 341 371 348 ’
605 375 664 437 ιιι
693 319 1017 440 ιιιιιιιιιιιιιιΙ

249 545 344 616 nihil
357 547 481 617 distare
508 548 578 616 eius
602 549 797 618 sententiam
821 549 864 619 ab
885 575 943 636 ea,
986 574 1073 642 quae
1096 575 1116 620 a
1145 574 1201 621 me
1225 557 1274 620 est
1297 551 1359 622 de-

249 651 353 720 fensa.
406 630 581 740 Quidquid
601 673 682 720 vero
700 667 777 720 eum
801 655 959 740 moverit,
985 666 1023 724 ut
1037 655 1134 724 aliter
1150 655 1362 724 statuendum

250 759 400 847 putaret,
425 752 512 821 illud
533 762 623 824 certe
646 778 713 823 nou
735 764 862 824 temere
884 757 1002 825 videor
1023 759 1205 850 colligere,
1232 757 1361 848 aliquid

251 857 346 948 apud
373 880 451 924 cum
480 857 644 925 Draconis
668 857 919 928 Stratonicensis
953 861 1186 930 auctoritatem
1206 862 1360 946 valuisse,

250 960 306 1029 cui
326 959 545 1028 Rulmkenius
571 979 708 1049 quoque
732 971 861 1029 tantum
891 962 1076 1048 tribuebat,
1113 972 1154 1030 ut
1178 962 1249 1032 hoc
1276 972 1360 1032 teste

228 1057 477 1152 'antiquitatem
505 1063 596 1130 istius
627 1072 752 1155 poetae
782 1064 858 1132 satis
886 1065 992 1134 evinci
1026 1012 1248 1134 arbitraretur.
1306 1067 1360 1136 Ac

247 1165 333 1233 mihi
349 1165 504 1254 quidem,
531 1187 636 1253 quum
652 1166 913 1238 dissertationem
938 1169 983 1236 de
1007 1177 1114 1238 aetate
1134 1165 1269 1259 Orphei
1291 1168 1360 1238 Ar-

247 1269 507 1360 gonauticorum
525 1269 723 1354 scriberem,
749 1291 818 1338 non
842 1271 912 1338 viso
928 1265 1098 1340 Draconis
1121 1270 1258 1356 libello,
1292 1263 1361 1338 nou

245 1371 370 1440 licebat
382 1371 518 1438 ulterius
534 1371 709 1464 progredi,
735 1395 838 1462 quam
852 1383 889 1440 ut
902 1374 990 1440 istud
994 1374 1238 1494 testimonium,
1264 1373 1361 1470 quod

245 1474 386 1542 mirifice
405 1475 648 1565 refragaturus
662 1475 864 1562 rationibus,
890 1499 972 1565 quas
992 1478 1103 1568 ipsum
1122 1499 1257 1545 carmen
1278 1499 1360 1567 sup-

245 1576 437 1669 peditabat,
469 1585 659 1667 suspectum
684 1579 830 1646 reddere
858 1599 1007 1648 conarer.
1068 1581 1189 1647 Postea
1217 1581 1360 1670 contigit

244 1679 329 1748 rnihi
358 1680 598 1771 apographum
627 1681 772 1750 nancisci
802 1683 894 1750 istius
916 1683 1040 1769 libelli,
1087 1682 1181 1771 quod
1210 1705 1254 1749 ne
1283 1683 1357 1772 quis

244 1782 351 1866 forte,
377 1792 414 1850 ut
432 1783 490 1868 fit,
516 1807 583 1850 non
599 1784 768 1874 integrum
785 1794 841 1852 aut
853 1809 976 1876 parum
989 1786 1136 1852 fideliter
1152 1785 1358 1876 descriptum

243 1893 359 1976 putet,
394 1907 588 2002 sponsorem
608 1885 721 1954 habeo
743 1890 892 1955 omnium
913 1890 1056 1957 maxime
1077 1887 1254 1972 idoneum,
1286 1888 1357 1956 Ba-

245 1989 361 2071 stium,
400 1987 508 2056 virum
537 1982 813 2078 celeberrimum,
863 1990 921 2080 qui
942 2001 1066 2083 rogatu
1092 2014 1171 2059 meo
1202 1991 1358 2060 codicem

209 2090 464 2158 4Parisiensem
487 2115 547 2176 ea,
579 2115 647 2181 qua
673 2092 777 2178 solet,
819 2093 1012 2186 diligentia,
1051 2094 1200 2163 contulit.
1261 2093 1358 2162 Nihil

241 2195 331 2262 euim
362 2194 583 2261 omittendum
607 2197 789 2286 putabam,
838 2219 907 2285 quo
937 2197 1021 2265 mihi
1035 2198 1151 2288 plane
1180 2203 1357 2282 constaret,

240 2296 328 2386 quid·
343 2297 552 2364 sentiendum
569 2298 612 2365 de
633 2299 695 2366 isto
718 2299 882 2369 Draconis
902 2301 989 2369 libro
1013 2310 1108 2368 esset.
1159 2300 1214 2368 Ac
1227 2307 1358 2367 tantum

241 2399 368 2484 abluit,
390 2409 430 2467 ut
444 2423 499 2470 me
514 2402 719 2491 poeniteret,
744 2402 851 2472 fidem
875 2404 962 2489 cius,
989 2413 1078 2472 certe
1098 2401 1195 2492 quod
1219 2401 1264 2470 ad
1286 2400 1358 2472 Or-·

239 2502 371 2593 pheum
398 2505 529 2588 attinet,
572 2505 605 2571 in
625 2506 870 2573 dubitationem
889 2530 1045 2623 vocasse,
1080 2516 1133 2590 ut,
1155 2526 1224 2594 quo
1247 2505 1357 2595 magis
1436 2529 1445 2560 ι

240 2606 365 2671 librum
381 2606 645 2689 considerarem,
670 2614 762 2672 tanto
781 2607 889 2696 magis
906 2607 1130 2694 suspicionem
1143 2629 1256 2673 meam
1272 2615 1357 2674 coh-

241 2707 367 2774 firman
385 2691 619 2798 intelligerem.
679 2707 770 2790 Quin
796 2730 905 2798 nuper
932 2708 1177 2796 Haesimstrr
1204 2704 1357 2778 doetissi-

240 2831 334 2896 mus,
360 2809 439 2876 vel
430 2831 463 2876 m
478 2820 576 2901 parte
593 2809 664 2876 illa
671 2810 970 2895 commentationis,
996 2833 1099 2898 qnam
1117 2810 1170 2878 de
1180 2809 1251 2880 hoc
1264 2811 1355 2882 Dra-

240 2912 341 2984 conis-
353 2913 468 2980 libro
458 2936 494 2980 ιιι
515 2912 649 2980 Notitiis
670 2923 703 2980 et
716 2913 902 3003 Excerptis
914 2913 1017 2982 MSS.
1041 2912 1268 2984 bibliothecae
1283 2904 1355 2984 Im·

130 3041 131 3046 ¹
241 3015 377 3108 periclis
405 3015 449 3082 T.
472 3016 564 3084 Vlll.
596 3025 681 3106 part
706 3017 751 3082 11.
777 3039 812 3106 p.
835 3015 1015 3084 33-77.
1041 3016 1163 3103 edidit,
1195 3018 1355 3085 nonnulla

239 3119 534 3203 courmemoram't,
573 3141 662 3206 qaae
690 3119 830 3206 faciant,
864 3127 901 3186 nt
922 3119 1143 3210 assensionem
1168 3121 1354 3210 peritorum

168 3244 195 3274 ν
240 3221 390 3288 iudicum
420 3219 516 3289 haud
547 3221 729 3290 difficulter
746 3217 839 3288 mihi
866 3221 984 3289 videar
1010 3224 1246 3315 impetraturus
1274 3246 1361 3292 csse.

239 3324 300 3392 Sic
314 3323 427 3392 autern
447 3325 570 3408 sentio,
596 3325 720 3392 librum
741 3325 852 3392 istum
866 3324 911 3392 de
937 3327 1050 3394 metris
1069 3335 1269 3417 poetarum,
1285 3347 1355 3408 nou

238 3428 362 3511 talem,
388 3428 523 3516 qualem
545 3427 658 3495 Draco
679 3449 757 3495 eum
777 3427 948 3514 ediderat,
975 3429 1034 3498 sed
1055 3430 1099 3496 ab
1114 3428 1187 3496 aliis
1201 3429 1356 3519 interpo-

240 3530 348 3598 latum
362 3530 408 3596 ad
424 3543 485 3597 nos
496 3530 702 3621 pervenisse,
729 3551 770 3599 ac
792 3532 930 3598 fortasse
949 3555 993 3600 ne
1014 3532 1182 3623 integrum
1205 3531 1353 3650 quidem.

171 3647 177 3658 “
241 3633 355 3717 Quam
381 3634 537 3701 usitatum
567 3635 656 3702 enim
685 3634 803 3720 fuerit,
842 3635 966 3724 scripta
990 3634 1289 3726 grammaticorum
1319 3635 1355 3700 in

238 3735 481 3825 compendium
505 3737 635 3828 redigi,
651 3787 654 3792 -
669 3737 834 3826 inserique
860 3759 994 3805 rursum
1015 3746 1174 3828 excerpta
1197 3759 1239 3805 ex
1267 3737 1354 3804 alio·

148 3828 152 3834 ¹
237 3859 316 3906 rum
336 3837 433 3907 libris
451 3840 775 3931 grammaticorum,
798 3840 966 3909 neminem
987 3840 1087 3931 fugit.
1149 3839 1240 3924 Quin
1266 3861 1354 3928 quae

238 3941 287 4008 ad
309 3951 458 4010 nostram
479 3952 622 4012 aetatem
639 3951 888 4034 pervenerunt,
913 3942 1210 4034 grammaticorum
1230 3943 1356 4032 scripta
1402 3963 1403 3969 ¹

238 4043 406 4134 pleraque
432 4065 475 4112 ex
509 4045 705 4114 huiusmodi
738 4045 948 4137 compendiis
982 4045 1217 4135 excerptisque
1256 4052 1354 4113 enata

241 4155 327 4214 sunt.
378 4147 541 4220 Draconis
560 4147 697 4237 quidem
709 4150 795 4217 liber
816 4155 928 4216 utrum
941 4149 1072 4239 integer
1086 4148 1145 4232 sit,
1172 4169 1232 4233 an,
1258 4145 1354 4237 quod

240 4247 392 4318 nondum
419 4252 489 4319 viso
519 4251 728 4342 suspicabar,
764 4250 930 4343 epitome,
967 4273 1056 4320 nuuc
1084 4273 1152 4320 non
1182 4259 1353 4339 quaeram.

239 4351 332 4420 lllud
346 4361 437 4424 certe
450 4377 518 4422 non
531 4355 657 4446 poterit
668 4353 801 4442 afferri,
823 4352 928 4443 quod,
953 4377 1058 4444 quum
1072 4353 1267 4425 scholiastes
1278 4351 1355 4424 He-
