3058 5046
282 343 347 410 :te
389 340 438 402 uu
458 341 495 404 a.
513 301 702 402 omousio
725 338 895 417 musore
915 339 1099 403 sumone
1118 340 1298 404 unacum

790 533 876 597 noa,
900 511 933 582 ei
958 533 1004 582 ec
1028 512 1147 606 cupite
1167 511 1216 582 sis
1234 531 1313 580 mec

409 624 532 704 notos,
558 615 642 686 item
665 621 704 686 ut
728 613 829 685 aium
843 613 1048 686 monam
1073 637 1149 686 esse
1165 636 1220 685 ec
1239 613 1345 693 Iove:

283 821 494 908 nonedam,
529 804 588 890 ubi
616 818 810 912 exemplum
833 815 989 907 affertur,
1024 818 1308 912 comprehensum
1330 819 1401 887 iam

282 929 342 1013 iis,
367 927 487 1017 quibus
502 925 582 1014 'quia
595 921 877 1017 comprehensum
898 932 965 1008 cst,
992 932 1041 992 est
1061 925 1163 992 etiam
1184 921 1302 992 simile.
1333 921 1400 991 coi

283 1031 331 1099 rei
352 1027 593 1123 significandae
618 1027 671 1096 itu
694 1036 812 1119 aptum
831 1035 908 1096 est»
939 1027 1048 1098 Recte
1067 1026 1178 1097 dicas:
1210 1025 1269 1097 hic
1289 1025 1399 1093 malas

141 1189 146 1198 „
282 1134 397 1203 scribit
417 1131 567 1216 fabulas:
599 1131 646 1198 ita
665 1129 812 1198 Phasma
835 1129 972 1222 scripsit.
1032 1130 1110 1198 Non
1136 1137 1229 1200 recte
1258 1128 1400 1198 dixeris:

195 1261 198 1268 ’
282 1236 342 1306 hie
359 1237 463 1314 malas
480 1233 594 1306 scribit
616 1234 765 1304 tabulas:
795 1233 878 1302 item
901 1231 1033 1325 scripsit
1058 1231 1218 1308 Phasma.
1270 1231 1399 1302 Contra

269 1327 352 1426 'non
375 1348 467 1409 recte
491 1337 601 1408 dices:
632 1335 692 1408 hic
712 1337 801 1405 male
819 1335 949 1429 scripsit
970 1335 1132 1410 Phasma:
1165 1337 1216 1412 ita⁴
1236 1334 1398 1404 Thesau-

283 1464 377 1523 rum;
410 1449 502 1512 recte
521 1455 626 1508 vero:
650 1439 708 1506 hic
730 1437 878 1508 Phasma
904 1438 993 1507 male
1016 1439 1163 1530 scripsit:
1193 1440 1274 1507 item
1296 1437 1397 1507 The-

283 1567 426 1614 saurum.
477 1543 531 1612 Ex
558 1564 626 1632 quo
649 1543 797 1631 sequitur
825 1541 972 1610 alienum
992 1563 1062 1610 esse
1090 1542 1217 1610 abillo
1244 1540 1397 1610 Terentii

282 1631 361 1717 ldco
377 1649 459 1716 item
482 1653 540 1726 nt:
564 1667 628 1715 nec
649 1647 758 1714 minus
776 1646 859 1714 item
875 1644 944 1712 sine
959 1652 1015 1734 ut,
1042 1644 1331 1734 quemadmodum
1349 1651 1400 1712 est

281 1751 316 1818 in
335 1750 395 1820 illa
417 1749 542 1818 Donati
563 1749 787 1816 adnotatione
839 1747 911 1816 Sed
931 1747 1212 1818 mittamus-hanc
1237 1750 1399 1815 observa-

281 1853 408 1922 tionem
435 1852 573 1936 Ilcirati,
608 1874 697 1940 quae
716 1851 855 1920 fortusse
880 1873 924 1920 ne
952 1859 1002 1920 est
1022 1850 1162 1940 quidem
1184 1850 1303 1934 huius,
1335 1847 1398 1918 sed

280 1955 366 2024 alius
383 1955 576 2043 cuiusquam
590 1953 780 2041 adrrotttio,
806 1951 890 2021 item
909 1953 944 2020 in
961 1963 1123 2045 corrupto
1138 1954 1258 2024 codice
1273 1953 1398 2044 legen·

279 2059 337 2126 tis:
363 2057 445 2148 qui-l
461 2056 547 2125 illud
571 2065 637 2142 est,
665 2055 758 2145 quod
775 2077 909 2124 versum
922 2056 1021 2125 istum
1041 2061 1105 2126 neo
1121 2079 1200 2126 cum
1213 2056 1394 2149 prioribus,

280 2183 344 2231 nec
364 2184 441 2230 cum
468 2158 680 2249 sequentibus
700 2158 886 2228 cohaerere
910 2159 956 2227 ait
978 2159 1175 2228 Bentleins?
1210 2159 1398 2251 Imperiose

280 2263 351 2334 hoc
366 2263 493 2332 dictum
510 2270 574 2352 est:
599 2262 734 2332 minime
751 2284 841 2331 vere.
891 2262 1075 2351 Numquis
1099 2263 1222 2348 nescit,
1245 2262 1396 2333 hocuo-
1516 2289 1517 2292 ¹

281 2366 441 2438 cabulum
455 2366 550 2436 idem
567 2373 684 2434 natura
700 2387 759 2434 sua
772 2365 957 2436 nectendas
975 2367 1309 2454 orationiinservire,
1334 2364 1397 2436 ubi

280 2470 418 2560 quidem
431 2469 480 2560 de
504 2467 627 2538 eodem
650 2469 782 2539 diversa
793 2469 1055 2560 praedicantur?
1079 2469 1255 2540 Horatius:
1280 2467 1396 2563 insor—
1515 2529 1516 2532 ,

279 2595 354 2641 mes
376 2573 508 2642 Menses
532 2572 673 2658 reducit
697 2569 878 2665 Iuppiter:
908 2572 1006 2640 idem
1030 2570 1218 2642 submovet.
1277 2573 1325 2641 Et
1347 2572 1397 2642 sic
1515 2649 1516 2656 χ

279 2675 455 2743 Terentius
477 2675 536 2746 hic
557 2674 725 2766 aptissime
748 2674 821 2756 hoc
836 2674 1006 2744 vocabulo
1031 2697 1107 2743 usus
1130 2684 1179 2744 est
1202 2673 1248 2743 ad
1268 2697 1397 2746 conue-

281 2778 419 2861 oter'rda,
445 2801 536 2866 quae
550 2777 595 2844 de
612 2776 796 2869 poetaisto
818 2777 932 2848 refert.
965 2779 1060 2846 Bene
1077 2778 1251 2864 vertendo,
1276 2778 1396 2868 inquit,

280 2901 322 2948 ex
336 2880 478 2950 Graecis
498 2881 594 2947 honis
608 2881 743 2948 Latinas
765 2879 897 2948 fabulas
919 2877 1002 2948 fecit
1026 2900 1095 2947 non
1114 2881 1238 2964 bonas,
1264 2882 1333 2949 ie.
1359 2887 1398 2948 ut

279 2991 372 3052 recte
398 2977 588 3066 Bentleius,
634 2981 785 3050 oratione
812 3002 934 3072 pamm
959 2979 1079 3047 Latina
1104 2981 1259 3072 scriptas:
1298 2982 1397 3052 idem

279 3085 460 3154 Menandri
477 3084 625 3153 Phasma
646 3104 735 3152 nnnc
755 3106 864 3176 nuper
884 3083 999 3169 dedit,
1030 3092 1133 3172 atque
1155 3084 1191 3151 in
1213 3082 1396 3154 Thesauro
1514 3119 1515 3132 κ

278 3189 391 3279 posuit
411 3187 579 3277 quaedam
600 3187 702 3257 valde
723 3186 878 3256 absurda.
935 3187 976 3255 ln
995 3185 1282 3276 Phasmateqnid
1308 3209 1396 3280 pec-

279 3292 404 3360 cauerit
423 3293 503 3375 iste,
528 3291 703 3358 nescimus.
753 3289 860 3360 Aliud
875 3299 977 3375 certe,
1004 3312 1106 3379 quam
1125 3278 1310 3360 orationem
1325 3314 1394 3359 nou

278 3396 356 3463 satis
388 3394 542 3462 Latinam
564 3394 689 3477 notari,
730 3403 872 3485 apparet
899 3415 942 3461 ex
972 3394 1047 3484 ipsa
1073 3394 1134 3461 illa
1169 3416 1255 3463 voce
1286 3394 1393 3462 idem.

277 3498 444 3587 Loquitur
465 3507 577 3564 autem
602 3504 640 3564 nt
664 3494 708 3563 de
736 3519 774 3564 re
797 3503 877 3564 nota
898 3519 978 3566 cum
1006 3496 1155 3586 quadam
1184 3506 1395 3589 contemptus

278 3599 559 3693 significatione,
580 3607 617 3666 nt
643 3598 763 3690 colligi
783 3597 907 3690 possit,
946 3598 1037 3669 hanc
1063 3599 1216 3667 fabulam
1238 3609 1297 3667 ant
1325 3621 1395 3668 non

236 3713 276 3772 lo
283 3705 426 3790 stetisse,
453 3710 511 3770 aut
524 3710 615 3771 certe
630 3700 732 3772 valde
752 3701 970 3794 displicuisse.
1023 3702 1063 3769 ln
1087 3702 1266 3771 Thesauro
1281 3711 1396 3771 antem

284 3817 437 3895 apertum
460 3815 509 3874 est
533 3826 602 3871 non
623 3804 826 3888 orationem,
852 3804 912 3872 sed
932 3805 1156 3873 inventionem
1178 3803 1396 3896 reprehendi.
1512 3795 1513 3815 ¹

283 3909 401 3997 ltaque
413 3917 542 3976 tantum
561 3907 673 3992 abest,
698 3915 739 3976 ut
757 3907 984 3976 damnandum
999 3909 1040 3975 sit
1054 3906 1165 3995 idem,
1191 3918 1228 3975 ut
1242 3908 1396 3978 videatur

280 4012 393 4101 potius
410 4013 509 4081 unice
520 4033 637 4080 verum
649 4009 866 4080 indicandum
887 4031 968 4078 esse.
1002 4009 1111 4094 ,Quin
1126 4010 1272 4078 dubitari
1293 4012 1395 4080 etiam

281 4111 368 4180 illud
386 4122 514 4203 potest,
541 4137 584 4182 an
601 4114 663 4183 ista
682 4113 806 4182 Donati
822 4111 1013 4198 adnotatio,
1039 4134 1107 4201 qua
1125 4112 1170 4181 ad
1187 4113 1397 4182 emendatio·

283 4237 360 4283 nem
381 4215 574 4285 faciendam
593 4239 670 4285 nsns
689 4225 737 4285 est
754 4216 944 4304 Bentleins,
969 4217 1070 4286 etiam
1088 4217 1264 4285 confirmet
1286 4215 1395 4286 libro-

282 4327 357 4389 rum
371 4317 585 4410 scripturam:
601 4321 638 4400 si
654 4320 792 4409 quidem
805 4340 874 4390 uon
884 4320 1194 4411 inepteconiicias,
1219 4317 1394 4392 Donatum
