3120 5030
139 345 141 350 ’
248 381 290 444 1²
599 336 666 438 ‘ur
693 373 1004 440 inevurnrrs

246 548 541 636 muniminum,
578 548 699 640 siquis
723 546 794 620 hoe
813 547 928 639 inepte
956 547 1000 618 ub
1030 547 1219 642 Apollonio
1243 548 1363 619 fictum

248 652 439 724 contendet
503 727 507 734 ¹

347 857 427 926 Non
458 857 580 928 rectius
610 855 655 926 de
683 855 783 926 tertia
809 851 944 946 Orphei
976 855 1056 928 loeo
1082 855 1207 928 sentire
1230 856 1365 926 ridetur

241 957 550 1052 'Koenigsma'nnun
606 958 791 1052 Orpheum,
820 958 944 1048 iuquit,
976 957 1175 1054 Iphiclem,
1206 982 1363 1029 avuncu-

247 1063 322 1132 lam
347 1061 552 1155 Meleagri,
594 1062 697 1132 haine
722 1062 938 1154 magistram
956 1061 1192 1156 perhibuerat
1218 1087 1250 1132 α.
1276 1059 1363 1130 160.

246 1187 341 1259 seqq.
404 1164 502 1261 Quid
537 1165 613 1251 hie,
651 1166 713 1251 ait,
747 1160 985 1259 Apollonius?
1018 1164 1157 1258 Nempe
1188 1171 1363 1234 rectorem

247 1266 441 1360 Meleagro
470 1267 635 1336 additum
649 1266 768 1362 suisne
792 1265 957 1336 elamat
971 1267 1229 1347 Laocoontem3
1258 1265 1362 1361 Iphi-

247 1371 343 1440 elam
367 1392 452 1439 veru
474 1370 608 1440 itineris
628 1369 789 1440 amnitem
812 1371 845 1438 ei
867 1371 1048 1445 exstitisse.
1098 1369 1379 1467 Nihilpmplius„

247 1473 380 1542 Siccine
397 1496 482 1564 ergo
498 1497 534 1542 se
550 1473 750 1544 effecturum
765 1473 919 1564 putebat,
943 1482 982 1541 ut
997 1471 1179 1562 Orpheum
1192 1476 1235 1542 eb
1248 1473 1362 1564 Apol-

245 1575 339 1645 lonio
362 1585 550 1646 correctum
572 1597 646 1645 esse
670 1578 828 1666 cuiquam
853 1575 1098 1666 persuaderet?
1129 1577 1221 1646 Pene
1249 1575 1362 1646 credi-

246 1679 356 1747 derim
370 1679 523 1750 eomulto
537 1702 614 1748 enm
627 1683 732 1749 verbe
747 1679 918 1768 utriusque
934 1689 1059 1769 poetae
1076 1701 1145 1748 non
1166 1679 1363 1773 adscripsis-

245 1804 292 1852 se.
321 1853 324 1860 Δ
342 1783 431 1852 Num
445 1783 646 1875 Apollonius
664 1783 691 1852 Ι.
707 1781 793 1852 193.
809 1804 916 1874 quum
929 1782 1106 1870 scriberet,

681 1965 749 2045 adr
771 1971 840 2064 μὲν
865 1966 931 2068 ἄρ’
962 1961 1089 2050 Oiverlr

348 2069 417 2170 ἤδη
441 2071 615 2170 γηραλέον
636 2065 845 2171 κοσμήτορα
871 2066 1000 2155 haedde
1019 2074 1154 2161 ἴαλλον,
1228 2083 1229 2093 ’

245 2257 352 2327 videri
373 2258 521 2330 debebat
537 2260 663 2350 aliquid
681 2261 862 2330 detrahere
875 2261 1079 2353 Meleagro,
1104 2260 1132 2328 ei
1147 2261 1179 2328 ei
1193 2271 1360 2330 rectorem

245 2370 281 2430 et
295 2362 389 2460 qpesi
405 2362 650 2456 paedagogum
664 2364 816 2435 adderet.
853 2366 949 2451 ¹Hoe
962 2365 1065 2457 igitur
1083 2361 1265 2454 Orpheum
1282 2386 1360 2432 mo·
1456 2397 1465 2418 ·
1553 2334 1554 2348 ἵ

243 2487 323 2534 vere
344 2467 471 2557 potuit,
503 2477 541 2536 ut
567 2469 594 2536 is
613 2466 786 2559 Iphiclurn
811 2468 940 2538 diceret
966 2467 1137 2559 Meleagri
1165 2467 1359 2560 magistrum

243 2567 359 2653 fuisse,
386 2579 420 2635 et
442 2571 481 2635 iis
494 2570 631 2656 quidem
649 2573 777 2658 verbis,
802 2593 891 2661 quae
912 2592 1047 2638 onmem
1062 2569 1360 2660 reprehensionem

243 2680 511 2762 aspernarentur:

678 2821 762 2920 πέρι
784 2818 819 2896 δ’
833 2819 882 2897 αὖ
896 2822 974 2899 τίον
989 2824 1094 2914 ἔξοχα
1109 2817 1256 2899 πάντων

348 2920 470 3020 aderiti
495 2919 732 3024 Μελέαγρον,
759 2922 809 3000 ἰδ’
834 2921 953 3023 α’γλαα
974 2923 1267 3026 ἔργίἑδίδαοαον.

174 3117 180 3124 “
242 3112 316 3181 lam
339 3113 395 3182 fac
415 3113 637 3205 Apollonium
652 3113 696 3182 ab
715 3111 860 3206 Orpheo
880 3113 1123 3185 discedendum
1137 3123 1280 3206 putasse.
1306 3115 1358 3182 lta

242 3215 401 3307 prolecto
424 3217 451 3284 is
480 3225 651 3287 eorreetor
669 3215 847 3289 habendus
868 3229 969 3306 esset,
1001 3221 1061 3309 qui
1086 3222 1177 3288 bona
1200 3219 1235 3285 in
1261 3217 1340 3286 dete
1349 3313 1357 3320 „

241 3318 310 3388 rius
344 3327 498 3388 mutaret
626 3322 652 3366 ’·
1148 3327 1150 3330 ’

343 3525 489 3595 Vltimns
512 3525 626 3610 locus,
651 3548 752 3615 quem
775 3525 1065 3617 Koenigsmannus
1085 3524 1200 3609 affert,
1234 3524 1355 3616 insigni

240 3635 355 3720 petest
375 3628 579 3697 documento
603 3651 689 3715 esse,
724 3651 827 3719 quam
850 3639 948 3698 caute
971 3630 1005 3696 in
1027 3629 1097 3698 hoe
1125 3649 1250 3720 genere
1270 3648 1356 3719 pro-

242 3731 433 3800 cedendum
449 3732 500 3798 sit.
556 3729 737 3824 Orpheus,
762 3733 879 3822 inquit,
898 3756 930 3800 v.
951 3730 1037 3800 2⁰2.
1062 3754 1132 3824 seq.
1157 3729 1355 3822 Nauplium

240 3832 477 3925 Agonaalam
492 3833 657 3902 ediderat
671 3834 829 3926 Neptem
848 3843 882 3903 et
901 3835 1115 3926 Amymones
1123 3832 1258 3928 filiam.
1310 3831 1355 3901 In

241 3955 309 4027 que
324 3957 431 4003 anam
449 3959 494 4005 ex
506 3935 699 4006 maioribus
715 3938 789 4005 eine
804 3959 884 4005 eam
902 3939 978 4028 ipse
996 3935 1188 4029 confundit.
1238 3936 1355 4028 Apel-

241 4037 353 4107 leniue
366 4038 498 4129 igitar,
523 4047 562 4108 ut
582 4047 775 4130 utrumqne·
788 4039 967 4108 diversum
989 4061 1063 4107 esee
1087 4037 1267 4124 ostendat,
1299 4045 1353 4106 to-

240 4147 316 4210 tum
335 4142 480 4209 minaris
500 4141 652 4234 Nauplii
671 4163 787 4234 genae
811 4143 863 4210 ad
887 4142 1120 4234 antiquiorem
1132 4163 1242 4234 usqae
1268 4162 1354 4232 ope-

239 4264 320 4314 rose
339 4251 538 4330 mammae,
561 4245 589 4312 l.
612 4243 842 4314 ltu-138.
868 4245 979 4314 Miror
992 4243 1168 4334 equidem,
1194 4243 1276 4334 quid
1301 4244 1352 4327 sit,

239 4345 335 4440 quod
357 4367 426 4418 non
443 4347 518 4442 ipse
540 4347 710 4440 utriusque
737 4357 864 4440 poetae
887 4350 991 4418 verba
1012 4348 1224 4441 apposuerit,
1264 4368 1353 4438 quae
