3078 5026
131 415 135 426 ’
259 415 322 482 ιιι
406 381 1224 472 nacuoaor'v'uuumvu'uusenrur

715 571 981 670 XOPOY
959 604 979 650 o
1030 569 1075 669 β’.

360 641 518 784 τοῦργον
532 674 729 779 εἰργάσθαι
740 663 840 756 douai
851 706 920 773 μοι
933 679 1108 771 βασιλέως
1128 667 1348 771 σι’μῶγμετι

542 807 648 900 ἐπῳδ.
731 802 917 874 ΧΟΡΟΥ
962 793 985 870 ὁ
1035 789 1110 889 γ’.

293 1035 297 1048 ¹
363 916 457 997 ἄλλα
480 915 725 1016 κοινωσώμεθ’
746 917 803 993 ἄν
825 945 897 1001 πως
914 913 1061 1017 εἷσφειλῆ
1078 911 1324 1012 βουλεύματα.

259 1093 346 1164 lude
370 1093 417 1162 de
442 1093 502 1182 iis,
527 1116 614 1183 quae
637 1093 789 1182 reliquae
805 1099 893 1162 eunt
897 1091 965 1160 XII
986 1089 1083 1160 chori
1099 1111 1359 1182 personae,rrn
1309 1088 1359 1158 rin
1359 1127 1378 1142 ·

259 1189 391 1290 gulae
382 1197 479 1266 binos
500 1198 667 1268 trimetros
690 1195 848 1280 recitant,
874 1218 1019 1284 quorum
1038 1195 1173 1263 ultimos
1193 1192 1300 1262 habet
1316 1214 1381 1262 co-

259 1299 450 1390 ryphaeue,
475 1322 544 1390 quo
561 1299 651 1370 duce
674 1321 805 1368 rursum
820 1308 1050 1392 congregatur
1071 1297 1216 1383 chorus,
1243 1304 1277 1364 et
1300 1318 1380 1366 ver-

260 1423 314 1472 sus
333 1403 443 1496 regias
467 1403 571 1474 aedes
595 1427 631 1474 se
647 1401 798 1474 coniicit:

258 1544 264 1552 ’
362 1547 502 1653 ταύτην
521 1557 681 1628 ἐπαινεῖν
711 1547 900 1627 παντεθεν
919 1545 1146 1651 πληθύεμαι,

363 1683 502 1754 τρανσις
522 1651 716 1756 Ατρείδην
738 1659 873 1730 ειδέναι
894 1652 1075 1754 κυροῦνθ’
1101 1653 1204 1738 ὅπως.
1331 1755 1333 1758 ¹

259 1807 300 1878 ln
314 1807 434 1897 quibus
449 1809 589 1878 verbis
579 1832 691 1902 ipsum
712 1808 916 1879 vocabuhrm
930 1787 1118 1882 πάντεθεν
1134 1817 1281 1878 nostram
1296 1815 1379 1903 per-

259 1933 417 1983 senarum
455 1911 715 2002 descriptionem
754 1911 939 1982 confirmat
992 1910 1097 1995 Quod
1136 1913 1163 1980 si
1205 1912 1241 1981 in
1279 1914 1380 2004 Aga-

254 2036 463 2099 memnone,
508 2015 584 2104 ipso
609 2013 782 2105 Aeschylo
802 2023 958 2098 auctore,
992 2013 1116 2083 chorus
1132 2038 1291 2107 personas
1312 2016 1380 2086 ha-

255 2117 332 2186 buit
359 2117 447 2200 XV,
478 2117 551 2206 quis
579 2118 762 2202 dubitabit,
793 2117 875 2206 quin
902 2117 1045 2186 totidem
1069 2118 1170 2187 etiam
1189 2120 1223 2186 in
1247 2119 1379 2190 Eume-

255 2219 393 2288 nidibus
419 2218 544 2290 Furiae
571 2220 780 2291 introductae
810 2219 957 2290 fuerint?
998 2224 1111 2311 Atque
1142 2222 1213 2292 hoe
1240 2243 1377 2310 quoque

255 2321 384 2391 idonea
409 2323 625 2408 auctoritate,
664 2325 752 2393 infra
770 2324 873 2414 ipsius
900 2314 1045 2415 poetae,
1086 2347 1175 2396 nunc
1202 2321 1381 2397 scholistae

200 2503 203 2515 ρ
256 2426 477 2518 timebimus.
526 2427 617 2496 Nam
631 2428 690 2498 ubi
707 2427 831 2520 Furiae
846 2428 980 2515 dieunt,
1006 2436 1053 2514 (v.
1068 2423 1174 2520 588.)

234 2606 236 2610 ’
362 2577 492 2676 πολλαὶ
516 2581 585 2674 μέν
610 2585 741 2676 ἐσμεν,
774 2577 922 2674 λί-’ξεμεν
948 2581 987 2653 δι’
1013 2574 1213 2672 συντόμως,Ι
1304 2657 1307 2660 ,

85 2825 89 2828 -
214 2707 481 2818 llschohasteS‚
510 2731 617 2802 haud
625 2734 728 2804 dubie
750 2757 791 2804 ex
812 2733 1012 2826 perantiquo
1039 2733 1280 2853 grammatico,
1313 2733 1381 2802 ob-

260 2845 386 2913 servat:
409 2835 523 2924 τοῦτο
545 2833 589 2910 oo’
607 2831 697 2934 τρεῖς
710 2831 777 2919 τοῖς
790 2843 907 2946 τρεῖς,
938 2828 1030 2909 bid
1051 2861 1142 2933 προς
1163 2829 1231 2918 cdo
1247 2829 1378 2933 χορόν·

254 2939 297 3012 rd
318 2931 395 3034 peip.
411 2933 513 3034 ἦσαν
572 2940 653 3008 Ηοε
682 2948 796 3010 autern
819 2937 884 3006 ille
904 2938 1088 3030 significat,
1121 2961 1226 3028 quum
1253 2939 1378 3007 Furiae

255 3043 379 3112 multas
401 3063 437 3108 se
458 3063 532 3112 esse
556 3041 686 3128 dicant,
719 3063 789 3114 non
815 3042 939 3133 respici
968 3041 1183 3110 traditionem
1213 3050 1377 3128 veterum,

259 3167 327 3232 qua
342 3153 410 3212 tres
432 3167 503 3214 esse
524 3145 805 3237 perhibebantur,
831 3146 891 3214 sed
917 3143 1061 3217 chorum
1076 3143 1264 3231 Furiarum,
1290 3167 1377 3234 qua-

255 3247 328 3314 lem
349 3257 454 3338 poeta
473 3248 712 3334 introduxerit,
739 3249 844 3318 exv
870 3248 980 3318 Furiis
1003 3257 1217 3318 constantem.
1270 3248 1378 3315 Vete-

252 3373 333 3424 rum
357 3349 447 3418 enim
470 3351 527 3416 alii
541 3351 642 3436 duas,
669 3353 725 3420 alii
741 3363 808 3422 tres
827 3376 897 3420 esse
911 3352 1029 3420 Furias
1048 3350 1271 3423 tradiderant·
1296 3327 1376 3442 vide

257 3453 461 3530 scholiasteu
485 3453 671 3543 Sophoclis
695 3455 740 3522 ad
760 3453 850 3523 Oed
873 3453 948 3522 Col.
965 3451 1026 3519 39.
1053 3475 1196 3542 quarum
1210 3437 1378 3520 namatio-

257 3581 340 3626 uum
356 3579 413 3642 ea,
440 3565 528 3650 quat
542 3566 609 3626 tres
626 3580 681 3624 eas
696 3581 766 3625 esse
780 3557 929 3642 volebat,
953 3556 1156 3650 pervulgata
1172 3564 1252 3624 erat.
1292 3555 1377 3623 Vtar

165 3661 167 3668 “
250 3662 293 3730 in
314 3660 404 3730 hanc
426 3683 498 3728 rem
520 3659 623 3728 trium
641 3660 734 3728 idem
761 3659 942 3740 dicentium
965 3663 1264 3752 grammaticorum
1285 3658 1379 3727 testi·

258 3765 391 3849 monio,
416 3785 484 3830 non
500 3764 594 3852 quod
609 3785 650 3833 eo
671 3785 757 3854 opus
774 3787 843 3832 esse
858 3771 987 3854 putem,
1013 3763 1074 3832 sed
1096 3763 1190 3852 quod
1213 3761 1293 3838 iude
1315 3761 1379 3830 ali-

211 3885 214 3893 ’
259 3866 343 3955 quid
364 3867 448 3936 lucri
466 3865 511 3934 ad
525 3866 708 3955 quemdam
723 3865 951 3934 Eumenidum
965 3865 1127 3954 Aeschyli
1143 3866 1259 3933 locum
1277 3887 1378 3936 acoe-

262 3967 332 4053 dit,
358 3968 650 4061 Harpocrationh,
677 3967 811 4052 Photii,
848 3976 882 4036 et
907 3967 1043 4035 Suidae.
1095 3966 1144 4035 Hi
1161 3967 1294 4058 igitur
1285 3991 1319 4035 rn
1343 3987 1376 4034 v.

260 4065 509 4161 Εεμενῖδες
485 4097 533 4144 src
560 4072 722 4142 scribunt·
748 4062 972 4161 Αἰσχύλος’
955 4096 993 4144 εν
1017 4067 1242 4163 Εὐμενίσιν,
1268 4059 1377 4148 εῖσεεν
1447 4137 1451 4146 .

261 4166 312 4246 uo?
333 4170 415 4290 περὶ
436 4167 513 4296 τήν
524 4181 644 4296 ειρίσιν
668 4167 736 4270 τήν
749 4169 947 4293 Ορέστου,
986 4173 1094 4270 φησιν
1123 4199 1168 4254 ως
1193 4202 1215 4263 η
1206 4170 1378 4293 Αθηνᾶ

260 4266 529 4369 πραΰνεισειτεῖς
547 4271 790 4372 ’Eporedorj'
762 4301 847 4356 ωςτε
859 4301 925 4376 μη
904 4267 1125 4365 χαλεπῶς
1104 4299 1295 4380 εχεινπρες
1308 4300 1377 4347 τον

260 4373 448 4476 Ορέσσην,
475 4374 726 4470 Εὐμενίδας’
698 4371 903 4472 στόμασιν·
927 4380 996 4451 εἰσι
988 4376 1049 4452 da
1069 4384 1175 4476 τρεῖς,
1199 4365 1376 4474 Ᾰληιτσῖ,
