3058 5046
557 355 885 425 mestianum.
1214 365 1279 434 211

163 529 192 596 is
221 525 436 620 septimestris
465 537 570 600 natus.
634 531 733 602 Haec
772 537 915 623 apparet
953 530 1001 603 sic
1031 532 1279 629 interpretanda

163 653 251 700 esse:
288 633 411 722 opibus
438 633 587 704 secundo
616 637 908 728 comperegrinis
939 641 1144 709 commercio
1173 642 1278 713 auctis
1323 677 1325 684 ·

159 733 367 825 praesidium
392 747 528 828 partum
554 761 626 823 csse
645 748 680 808 ct
705 739 911 830 imperium3.
938 749 1018 831 post
1038 742 1136 811 latius
1161 711 1278 814 exterl-

162 861 235 906 sam
271 839 473 930 potentiamr
527 864 636 912 vacuo
664 831 776 911 autem
804 863 914 935 regno
942 865 1011 912 uon
1041 845 1173 932 virtuti,
1217 845 1278 914 sed

160 942 284 1033 populi
310 941 445 1030 favore,
478 949 651 1037 potentiae
672 945 835 1014 tributum
858 969 929 1016 esse
951 947 1152 1039 imperium,
1178 947 1277 1018 ctiam

160 1045 368 1114 immaturae.
1144 1050 1147 1056 ’

127 1332 129 1343 Α
262 1249 463 1318 Exercitano
485 1249 660 1318 Patulinac
678 1258 860 1342 regnante,
885 1249 948 1318 tilii
964 1249 1176 1344 Pirruigregis
1199 1272 1277 1322 cum

162 1349 330 1442 Sepdinis
347 1363 527 1436 venerunt,
554 1352 773 1445 capessitoris
794 1352 947 1424 avunculi
960 1377 1104 1446 reguum
1116 1353 1278 1446 repeten-

160 1463 228 1521 tes:
256 1477 341 1544 quos
360 1457 456 1546 parvi
476 1456 624 1525 faciebat
644 1457 877 1526 Exercitauus:
911 1465 945 1523 at
964 1456 1015 1526 illi
1034 1467 1183 1525 armenta
1205 1458 1323 1525 eiuslss

160 1558 358 1647 abegerunt.
411 1556 509 1642 Quae
532 1581 636 1647 quum
661 1560 789 1650 cripere
807 1561 847 1627 iis
866 1567 1066 1630 conarentur
1085 1560 1147 1628 filii
1167 1561 1277 1628 Excr-

161 1659 281 1744 citam,
313 1659 358 1727 ad
386 1659 646 1730 internecionem
673 1661 862 1755 pugnatum
890 1671 953 1746 est,
988 1661 1123 1731 servatis
1148 1671 1278 1732 tautum

161 1762 437 1847 Subolcscentio,
481 1765 672 1835 Exercitaui
696 1766 789 1853 lilio,
824 1764 939 1834 adhuc
968 1765 1201 1851 adolescente,
1242 1774 1278 1835 ct

159 1865 374 1958 Pinnigregis
387 1866 543 1959 Remige.
595 1867 664 1953 Qui
686 1879 857 1937 evaserant
877 1867 1048 1960 Sepelini,
1073 1869 1150 1937 vela
1166 1866 1277 1936 dede·

160 1979 237 2036 runt
252 1992 328 2038 cum
350 1971 515 2054 armentis,
543 1993 650 2059 eaque
673 1972 835 2039 servanda
855 1972 1091 2041 commiserunt
1111 1972 1278 2053 Πολυξέ-

161 2099 226 2163 νῳ,
240 2070 572 2164 Frequentato,.regi
585 2074 755 2162 Ἠλείων,
776 2075 975 2142 Palantium.
989 2075 1185 2164 Redempta
1197 2073 1277 2141 inde

161 2174 293 2242 reduxit
310 2177 518 2242 eaAmtruus
534 2176 739 2248 Patuliuam:
765 2177 983 2244 Exercitanus
995 2185 1117 2262 autem,
1136 2173 1278 2243 caedem

160 2278 309 2344 filiorum
330 2278 476 2361 ulturus,
508 2299 618 2369 reguo
641 2278 779 2365 filiaque
801 2278 986 2370 0pitulaua
1008 2279 1173 2365 Amtruo,
1218 2277 1278 2365 qui

159 2403 197 2448 se
215 2381 383 2470 virginem
398 2402 473 2450 eam
488 2372 693 2447 seriaturum
711 2380 895 2465 iuraverat,
922 2380 1123 2464 commissis,
1147 2379 1278 2447 bellum
1372 2429 1373 2432 ,

158 2482 285 2550 inferre
316 2482 509 2550 Clamitanis
540 2483 690 2574 parabat.
761 2483 814 2551 lbi
844 2484 926 2551 dum
959 2482 1081 2571 recipit
1116 2489 1277 2567 anucutu,

159 2571 329 2654 Amtruus·
346 2587 382 2652 iu
405 2608 506 2653 uuam
538 2607 580 2654 ex
612 2585 741 2670 vaccis,
776 2589 864 2675 quie
884 2585 1080 2655 discedebat
1108 2607 1129 2651 a
1157 2605 1277 2676 grege,

160 2690 321 2757 baculum
342 2689 493 2773 coniicit,
529 2689 627 2779 quod·
644 2713 664 2756 a
685 2690 842 2760 cornibus
864 2689 933 2757 eius
956 2689 990 2755 iu
1012 2696 1115 2778 caput
1135 2688 1279 2757 Exerci-

160 2793 228 2858 tani
251 2791 417 2879 resiliens,
442 2792 536 2860 hunc
558 2793 704 2884 perimit
754 2793 809 2862 Ec
825 2801 1002 2884 praetextu
1014 2791 1183 2878 Valerius,
1208 2792 1278 2860 Ar-

162 2895 214 2986 gis
240 2895 328 2964 eiicit
351 2897 549 2980 Amtruum,
579 2906 679 2986 atque
702 2896 776 2987 ipse
802 2897 957 2965 Patulina
979 2904 1014 2963 ct
1033 2895 1187 2963 Tortona
1209 2917 1279 2985 po-

159 2999 256 3084 titur,
290 2989 569 3068 Fissiam'autem
602 2999 763 3069 arcessitis
793 3000 926 3092 Nigrini
957 2998 1054 3081 filiis,
1092 2993 1223 3092 Ἀτρεῖ
1245 3008 1278 3064 et

163 3103 320 3198 Θυέστῃ,
346 3102 506 3170 Netrcmo
530 3111 565 3169 et
584 3102 706 3186 Furio,
731 3102 843 3170 tradit.
893 3100 993 3168 Haec
1013 3120 1149 3186 quoque
1173 3099 1278 3189 plana

161 3212 245 3270 sunt.
296 3202 489 3271 Praedones
508 3204 670 3272 invadunt
692 3225 836 3295 regnum
855 3201 1003 3270 virorum
1023 3201 1277 3286 bellicosorum,

161 3306 298 3395 acrique
312 3306 446 3396 proelio
462 3291 647 3374 fortissimis
660 3305 827 3394 utrimque
846 3305 974 3386 occisis,
1001 3313 1035 3374 et
1049 3305 1278 3400 superstitibus

159 3416 289 3476 tautum
311 3408 394 3476 hinc
416 3409 699 3494 adolescentibus,
724 3407 804 3478 hiuc
824 3409 1025 3499 remigibus,
1051 3428 1130 3477 cum
1147 3405 1278 3498 praeda

160 3514 303 3595 abeunt,
330 3529 473 3599 eamque
492 3513 586 3602 apud
606 3512 798 3602 hospitem,
825 3533 959 3580 emoues
975 3531 1089 3577 omues
1108 3509 1278 3599 recipien-

159 3623 247 3700 tem,
279 3615 484 3703 relinquunt:
530 3614 625 3681 Missi
647 3615 748 3699 illuc,
773 3614 833 3703 qui
857 3632 932 3680 eam
956 3611 1181 3698 vindicarent,
1216 3612 1277 3680 ubi

159 3719 347 3804 redieruut,
380 3717 495 3785 tuendi
516 3717 615 3809 regni
633 3739 715 3786 cura
735 3717 774 3784 iis
796 3714 1027 3783 demandatur.
1078 3713 1168 3798 Sed,
1194 3711 1277 3782 dum

158 3812 361 3910 recuperata
382 3808 597 3911 euplorantur
612 3830 651 3912 et,
661 3828 916 3911 percenseatur,
943 3839 1022 3910 pars
1044 3815 1159 3885 deesse
1180 3816 1278 3886 vide-

158 3930 231 3991 turr
268 3923 359 3992 unde
383 3921 458 3991 o'rto
480 3925 640 4009 tumultu,
674 3945 734 3994 rex
753 3925 826 4016 ipse
851 3922 956 4014 perita
991 3941 1060 4015 quo
1084 3919 1193 4012 lacto,
1219 3919 1279 4010 qui
1387 3969 1401 3990 0

160 4025 313 4117 potentia
334 4028 506 4111 valebant,
546 4049 614 4094 non
637 4028 746 4097 sinunt
774 4027 851 4094 illos
875 4045 1005 4093 summa
1030 4023 1277 4114 rerumpotiri,

162 4129 223 4197 scd
247 4127 389 4220 abigunt
412 4151 487 4211 coe,
512 4128 642 4219 ipsique
667 4131 846 4220 imperium
866 4126 1045 4212 invadunt,
1070 4125 1278 4218 partcrcgui
1354 4184 1356 4192 ,

162 4231 339 4302 commissa
362 4231 439 4298 viris
468 4232 600 4321 impiis,
641 4255 785 4323 quorum
804 4231 994 4323 malignitas
1020 4230 1138 4324 magui
1159 4239 1278 4323 postea

161 4335 295 4405 discidii
314 4355 432 4406 caussa
450 4335 581 4403 exstitit

969 4433 1054 4508 02
