3078 5026
358 322 361 333 ’
528 361 852 430 uissuurfflo.
1023 365 1030 377 ·
1187 365 1252 434 rao

133 539 242 612 effusa
264 541 457 611 universnm
478 539 598 610 orbem
620 547 784 610 terrarum
810 524 984 608 inundavit
1006 547 1107 638 alque
1128 537 1250 609 obruit

132 645 361 734 Quanquam
385 643 573 730 resederat,
600 651 639 713 ut
660 643 731 714 hoo
752 642 896 727 addam,
921 652 995 711 tum
1020 644 1158 714 demum
1175 665 1251 714 ma-

132 749 199 836 ria,
219 749 374 834 flumina,
400 747 510 817 fontes
535 755 774 840 apparuerunt.
825 746 913 815 Inde
932 747 1124 816 Homernar

235 921 272 1004 ἐξ
297 913 409 1016 οὗπερ
436 909 568 998 πάντες
592 914 758 1010 ποταμοί
763 972 779 1007 ,
805 914 866 990 ναί
890 916 992 991 παῖσα
1017 910 1199 998 θάλασσα,

235 1019 296 1098 ναί
322 1019 439 1118 παίσαι
464 1020 612 1119 κρῆναι,
638 1019 699 1093 ιιαί
725 1018 884 1119 φρείατα
908 1013 1033 1118 μακροί
1057 1013 1218 1112 ναόσσιν.

131 1172 344 1242 Effosionern
365 1173 469 1242 illam·
484 1193 647 1272 aquarum
670 1173 829 1240 comitata
851 1181 900 1241 est
927 1172 1046 1264 ingens
1067 1172 1253 1242 elemento-

131 1299 208 1345 rum
231 1275 380 1344 oninium
403 1277 634 1368 perturbatio,
669 1284 708 1342 nt
729 1276 884 1361 disiecta,
916 1277 1041 1365 soluta,
1075 1277 1253 1378 permixta,

132 1401 262 1450 smsnm
296 1379 470 1465 deorsum,
510 1379 601 1446 ultro
636 1378 720 1449 citro
759 1387 911 1465 ruerent,
944 1388 1047 1470 atque
1077 1379 1253 1464 ferrentur,

18 1555 19 1568 ¹
131 1505 239 1574 usque
260 1481 344 1551 dnm
367 1490 486 1551 mutuo
506 1482 632 1574 seipsa
653 1481 845 1552 coercendo
869 1483 983 1552 turbas
1003 1481 1079 1552 illas
1108 1501 1254 1573 compo-

133 1595 278 1678 suerunt.
330 1586 432 1656 Hunc
446 1586 619 1656 universae
632 1595 769 1654 naturae
784 1587 967 1656 tumultum
983 1587 1101 1654 fratres
1123 1583 1253 1656 Oceani

132 1690 191 1758 alii
221 1691 358 1758 Titanes
376 1687 415 1780 *)
445 1689 624 1775 denotant,
660 1711 725 1779 per
752 1691 866 1780 paria,
906 1699 945 1758 ut
968 1689 1090 1782 singuli
1114 1687 1254 1780 singulis

132 1792 283 1884 oppositi
303 1800 394 1878 sunt,
433 1791 593 1884 deinceps
615 1791 832 1885 prodeunted.
884 1793 938 1862 Ac
953 1795 1066 1883 primo
1082 1795 1196 1872 Κοῖος
1218 1800 1252 1858 et

132 1899 267 1992 Κοῖος,
295 1896 475 1965 'Turbulus
495 1905 530 1964 et
558 1896 713 1990 Seiugas.
775 1897 822 1966 Et
843 1899 963 1994 Κρῖον
987 1896 1128 1986 quidem
1157 1899 1278 1964 rectess

131 1999 201 2067 iam
221 2007 349 2068 veteres
369 2001 577 2093 interpretati
595 2010 687 2087 sunt,
719 1999 800 2068 inde
821 2000 949 2069 dietum
973 2001 1142 2086 videntes,
1161 1996 1253 2067 nude

133 2110 185 2170 est
197 2105 338 2172 verbum
353 2101 498 2198 κρίνειν.
550 2103 591 2170 In
611 2103 744 2173 alterius
759 2104 895 2171 nomine
914 2104 1055 2185 mirifice
1072 2110 1252 2194 nugantur,

131 2204 228 2294 quod
256 2228 297 2274 ex
326 2206 430 2274 verbo
460 2202 570 2278 νείειν
594 2201 827 2291 duetum'est,
861 2213 900 2272 ut
922 2200 1041 2286 νλοιός
1063 2229 1084 2272 a
1110 2203 1251 2277 κλείειν.

130 2308 298 2377 Desidunt
316 2319 428 2376 autern
449 2307 599 2376 turbida:
639 2307 732 2377 nnde
754 2328 796 2376 ex
828 2307 950 2376 eadem
979 2310 1083 2399 stirpe
1103 2307 1254 2375 derivata

131 2420 209 2480 eunt
231 2406 352 2493 ασινός
374 2417 408 2478 et
435 2429 590 2477 coenum.
640 2411 723 2478 Post
742 2410 808 2479 hos
830 2409 983 2479 videmus
1003 2407 1198 2504 Ὑπερίονα
1221 2418 1256 2475 οι
1282 2435 1283 2438 “

126 2505 325 2602 Ἰαπετόν,
351 2511 525 2582 Tollinern
548 2520 582 2580 et
600 2511 784 2598 Meuium,
817 2533 963 2603 quorum
984 2512 1106 2605 prioris
1130 2532 1255 2578 nomen

132 2639 155 2684 a
170 2615 279 2685 verbo
293 2617 388 2689 ἱέναι
402 2615 547 2697 factum3
573 2617 708 2686 alterius
722 2624 876 2709 apertum
899 2625 958 2686 est.
1009 2614 1146 2686 Dehinc
1163 2613 1256 2686 Θιίσι

134 2728 169 2788 et
187 2717 313 2809 Ῥεία,
338 2719 531 2788 Ambuloua
551 2725 585 2788 et
596 2721 761 2808 Fluonia‚
782 2742 925 2811 quarum
944 2743 1059 2789 meare
1075 2739 1255 2790 commune

135 2829 202 2908 est,
234 2820 295 2891 sed
317 2824 572 2914 promineant,
607 2824 757 2910 alterius,
787 2847 924 2894 manere
945 2825 1032 2893 inter
1053 2821 1256 2904 meandum

100 2955 104 2958 ’
134 2925 279 3011 alterius,
305 2925 463 2996 diffluere
477 2951 518 2999 ac
533 2917 695 3021 dissipari.
745 2929 818 2998 Has
832 2937 1025 3019 sequuntur,
1050 2936 1170 3020 postea
1186 2925 1253 2994 alia

135 3029 250 3098 officia
271 3039 408 3115 nactae,
437 3031 549 3125 Θέμις
564 3039 597 3099 et
616 3025 870 3130 Μνημοσύνη,
896 3033 1025 3101 Statina
1044 3041 1077 3100 et
1098 3029 1252 3116 Moneta,
1351 3027 1354 3056 ¹

135 3153 277 3222 quarum
305 3133 440 3202 alterius
464 3143 528 3219 est,
561 3134 652 3202 fluxa
682 3143 826 3203 statuere
854 3143 888 3204 et
918 3135 1071 3216 firmare3
1104 3133 1252 3219 alteriue,

135 3235 340 3325 quiescentia
381 3237 526 3307 excitare
567 3244 600 3304 et
633 3257 859 3306 commovere.
915 3237 1095 3328 Vtriusque
1123 3247 1253 3305 'nomen

135 3347 309 3431 apertum,
341 3339 449 3407 modo
468 3339 611 3408 alterum
630 3339 704 3428 quis
723 3361 792 3407 non
816 3363 837 3406 a
856 3341 992 3410 nomine
1013 3335 1157 3437 μνήμη,
1191 3338 1253 3407 sed

113 3464 156 3509 ὀ
181 3443 286 3512 verbo
315 3443 486 3535 μνᾶσθαι
516 3442 702 3514 deductum
732 3444 939 3530 meminerit,
985 3443 1080 3534 quod
1110 3444 1254 3510 verbum

134 3565 214 3616 cunr
238 3543 396 3626 affinibus
418 3542 617 3639 μαίεσθαι,
642 3546 788 3639 μένειν,
813 3547 1036 3640 μεμονέναι,
1061 3542 1252 3640 μονοινᾷν,

135 3641 285 3742 σμοίειν
309 3647 515 3733 derivatum,
550 3669 764 3716 communem
788 3646 895 3716 habet
920 3648 1048 3716 nitendi
1069 3647 1252 3732 notionem,
1328 3740 1330 3744 Α

134 3759 292 3846 quaeest
317 3751 353 3820 in
377 3749 587 3822 Germanicis
611 3749 752 3822 straden
776 3759 811 3822 et
829 3758 1008 3823 otemmea.
1057 3751 1253 3822 Postremae

176 4107 206 4185 *)
228 4103 363 4166 Permira
384 4093 445 4186 eat,
469 4123 564 4188 >quam
586 4109 619 4172 C.
642 4109 678 4170 0.
700 4099 853 4172 Miillerne¹
871 4109 904 4171 in
926 4111 1011 4173 'Dian
1032 4111 1093 4174 litt.
1114 4109 1250 4192 Gotting.

134 4211 163 4251 a.
187 4192 281 4260 1821.
312 4189 366 4251 fol.
388 4196 439 4258 96.
473 4213 507 4291 P!
538 4195 611 4292 9ιό8.
642 4197 679 4256 ab
711 4197 835 4276 Solgero
862 4208 1016 4278 acceptam
1052 4191 1169 4294 crosent
1193 4199 1273 4294 Ti-¹

133 4284 240 4374 tanum
268 4259 387 4364 fabulae
417 4278 665 4360 explicationem,
702 4302 780 4362 quae
812 4283 874 4364 ipsi
901 4285 996 4366 magia
1022 4285 1171 4348 Hesiodea
1207 4289 1253 4345 eat
1339 4344 1340 4347 ,
