3120 5030
556 357 897 424 ‘nlssnnututn
1242 361 1287 427 fl

176 535 333 620 ceperat,
357 525 495 596 herbae.
506 527 680 602 cniusdam
695 539 850 603 contactu
869 527 1064 602 reviviscere
1084 537 1118 602 et
1137 528 1171 598 iu
1191 551 1287 601 mars

176 631 310 701 desilire
322 629 477 717 vidisset,
502 641 636 724 gustata
655 655 698 702 ea
721 633 830 702 herba
852 631 926 725 ipse
940 633 1129 722 quoqueiu
1144 655 1237 702 unare
1249 655 1286 704 se

174 734 433 826 praecipitasse,
464 741 499 802 et
521 734 605 802 deus
624 736 768 804 marinus
789 736 897 804 lactus
924 754 995 804 eme
1013 734 1212 826 perhibetur
1235 735 1286 826 *).

175 837 340 910 Plurimae
354 836 398 906 de
417 857 459 905 eo
482 835 614 906 fabulas
633 838 737 908 refert
756 837 950 907 Athenaeus
971 839 1031 907 lib.
1058 838 1133 907 Vll.
1146 859 1181 928 p
1197 835 1284 912 296.

174 961 245 1029 seq.
268 961 410 1028 quarum
430 949 560 1030 partem
582 935 703 1032 repetit
731 940 925 1010 Eustathius
953 962 989 1032 p.
1011 939 1097 1009 211.
1147 941 1286 1010 Praeter

175 1040 334 1110 horride
355 1042 513 1110 eumdem
535 1042 747 1112 Athenaeum
766 1044 841 1114 XV.
863 1065 899 1136 p.
919 1041 1006 1115 619.
1029 1043 1073 1111 A.
1098 1040 1287 1110 Philostra-

174 1153 248 1212 tum
262 1144 372 1236 Imag.
393 1144 439 1244 11.
464 1139 523 1211 15.
544 1144 748 1215 Scholiastas
769 1145 945 1238 Apollonii
969 1144 1014 1212 ad
1034 1144 1061 1212 Ι.
1077 1143 1188 1212 1616.
1213 1145 1288 1212 Eu-

173 1246 290 1336 ripidis
307 1247 353 1315 nd
367 1244 478 1315 Orest.
491 1244 577 1315 361.
627 1248 778 1316 Tzetuen
794 1248 839 1316 ad
862 1246 1037 1340 Lycophr.
1053 1242 1140 1317 151.
1165 1247 1287 1335 Neque

175 1349 370 1418 scholiastes
391 1349 562 1440 Euripidis
583 1349 628 1418 ad
651 1349 761 1420 Orest
784 1349 871 1424 318.
929 1349 1087 1419 Pontium
1114 1350 1285 1418 Glaucum

175 1472 254 1522 cnm
275 1451 444 1520 Potuiensi
466 1451 636 1534 confudit,
669 1451 765 1543 qnod
790 1475 831 1522 ex
852 1451 906 1521 his
933 1453 1003 1522 eins
1024 1451 1133 1521 verbis
1166 1452 1286 1543 colligi

175 1553 298 1646 possita
324 1547 469 1626 Πότνιο
488 1548 590 1634 πόλις
610 1552 813 1645 Βοιωτίας)
840 1553 929 1630 ὅθεν
947 1553 1144 1634 όΓλαόνος
1158 1557 1283 1646 ὄμμα-ι

171 1650 237 1752 ,aria
257 1658 401 1748 γέγονε,
427 1655 486 1728 ναὶ
509 1653 622 1752 ἥλατο
637 1658 694 1737 ,εἰς
714 1650 782 1753 τήν
811 1652 1023 1745 θόλασσαν,
1049 1656 1111 1724 sed
1130 1655 1285 1724 mutilum

175 1769 225 1827 est
244 1758 414 1852 scholion,
438 1757 674 1850 integrandum
686 1781 728 1826 ex
740 1759 851 1848 Etyma
871 1757 923 1826 M.
935 1782 971 1851 p.
987 1753 1075 1843 685,
1089 1755 1151 1826 11.
1176 1757 1285 1827 Porro

174 1860 356 1952 attigerunt
384 1861 474 1929 hauc
505 1862 656 1929 fabulam
693 1862 816 1930 Strabo
847 1861 906 1930 IX.
938 1885 974 1954 p.
999 1859 1088 1929 621.
1145 1862 1285 1930 Nonnus

173 1963 273 2032 Dion
293 1963 387 2032 Xlll.
411 1961 472 2032 13.
505 1988 541 2055 p.
561 1961 657 2049 354,
691 1962 752 2038 21.
777 1965 916 2034 XXXV.
938 1963 999 2032 13.
1033 1985 1070 2054 p.
1095 1959 1190 2048 868,
1223 1962 1285 2030 22.

173 2066 330 2139 ΧΧΧΙΧ.
352 2065 414 2134 99.
442 2064 584 2156 petto.
607 2076 689 2134 extr.
709 2067 770 2136 nbi
791 2089 896 2156 quum
919 2089 996 2136 eum
1010 2074 1110 2134 vocat
1131 2059 1285 2140 πόντιον

174 2164 319 2266 'Aoniae
332 2162 558 2264 Ἀνθηδόνος
572 2161 687 2241 οἰστόν
703 2163 869 2265 οἷροόρης,
888 2170 1034 2260 respexit
1050 2165 1284 2257 aauycophr.

171 2293 205 2338 v.
224 2267 309 2338 151.
336 2266 436 2363 οἰστῷ
460 2266 620 2350 σόνοινος
647 2272 802 2365 Θρῃκίοις
822 2265 1056 2366 Ἀνθηδόνος.
1091 2269 1145 2338 Eu
1159 2270 1285 2336 Latinis

173 2382 289 2440 auteur
308 2371 496 2438 luculenter
520 2372 566 2439 (le
589 2371 723 2438 Glauco
742 2372 871 2438 marino
893 2373 965 2462 egit
986 2369 1127 2441 Ovidius
1143 2369 1285 2441 Metam.

169 2474 267 2543 Xlll.
285 2470 371 2540 991.
389 2470 551 2559 usquead
564 2471 654 2539 xlv.
671 2469 732 2537 69.
747 2473 806 2558 qui
821 2472 930 2539 obiter
943 2471 1146 2539 mentionem
1158 2471 1287 2539 lecerat

170 2576 248 2645 Vll.
267 2573 351 2669 262.
369 2595 394 2640 s
445 2575 499 2644 Ex
517 2596 559 2641 eo
574 2572 686 2640 hausit
700 2573 866 2642 Ausonius
886 2575 921 2640 in
940 2571 1090 2643 Mosella
1099 2595 1130 2640 v.
1145 2570 1230 2640 216.
1245 2595 1287 2640 ss.
1413 2593 1421 2606 ’
1517 2562 1519 2572 ’

171 2679 310 2750 Praeter
334 2676 397 2743 hos
417 2675 495 2744 vide
524 2676 666 2744 Statium
696 2678 731 2742 in
756 2675 870 2744 Theb.
901 2675 979 2743 vll.
1013 2671 1100 2748 335.
1128 2697 1221 2764 seqq.
1253 2685 1287 2743 et
1351 2715 1359 2722 -

172 2783 221 2850 ibi
245 2789 393 2848 veterem
418 2779 490 2846 eins
518 2779 753 2868 interpretem
800 2788 872 2845 turn
900 2778 1078 2869 Hyginum
1103 2778 1173 2852 fab.
1199 2775 1285 2846 199.

171 2883 324 2954 Naturali
351 2880 457 2949 modo
483 2881 669 2972 explicatur
695 2880 812 2949 lahula
839 2881 882 2948 ab
909 2881 1065 2951 Eudoeia
1097 2903 1133 2970 p.
1155 2878 1215 2948 98.
1242 2881 1285 2947 ab

173 2983 353 3078 Apostolio
381 2986 539 3074 proverb.
567 2984 625 3052 vl.
644 2981 706 3056 62.
737 2983 989 3074 aPalaephato
1012 3007 1042 3054 ο.
1068 2981 1129 3056 28.
1156 3006 1177 3051 a
1200 2981 1288 3050 Ful·

155 3137 159 3149 .
203 3089 290 3156 eutio
312 3087 357 3158 ll.
378 3084 439 3152 12.

174 3111 202 3182 g
275 3190 349 3274 lam
369 3186 531 3276 Aeschyli
553 3186 705 3254 fabulam
730 3185 999 3276 praestantissimi
1018 3185 1099 3270 viri,
1129 3185 1302 3276 Lenparv

175 3293 257 3378 (lus,
287 3291 502 3382 liutgersinS,
541 3288 728 3372 Mennim,
766 3289 982 3379 salvagium,
1013 3287 1288 3379 Scherpezelius,

173 3394 426 3482 Valckenarius,
471 3391 694 3462 Ruhnkenius
727 3392 939 3484 tragoediam
980 3392 1082 3461 fuisse
1118 3397 1287 3482 putarunt.

216 3731 246 3826 a')
276 3749 350 3808 Post
377 3746 486 3808 editam
514 3745 593 3805 hanc
622 3743 859 3804 dissertationem
895 3761 933 3802 ex
965 3737 1095 3802 Bekheri
1125 3734 1287 3800 Anecdotia

173 3831 251 3894 haec
272 3840 463 3894 accesserunt
483 3831 664 3908 fragmenta:
693 3849 726 3908 p.
748 3834 822 3904 347,
844 3831 897 3893 24.

89 3971 90 3979 ’
382 3943 480 4030 ότήν
502 3941 610 4023 cirtica
633 3941 770 4026 ἄφθιτον
790 3939 872 4010 αόαν
895 3936 1010 4024 φανόν.
1133 3943 1137 3952 '

171 4037 210 4099 Et
231 4055 261 4100 v.
282 4039 334 4102 ω·
379 4118 432 4182 καὶ
452 4103 587 4202 ρεόομαό
599 4137 665 4190 πως
681 4119 737 4194 τῆς
754 4106 878 4186 ἄενζοόον
898 4103 985 4183 πόας.

173 4237 213 4299 Et
233 4259 267 4320 p.
289 4243 321 4312 6,
341 4243 394 4304 21.
416 4230 643 4317 α’νθραννοενόἒς
661 4233 775 4312 θηρίον
792 4225 881 4290 itare
902 4230 1016 4302 συζῶν·
1043 4223 1095 4291 tat
1115 4227 1171 4288 rori
1191 4213 1289 4282 Γλαό-

171 4347 243 4401 κον,
265 4317 476 4402 οἷναφανὲντος
494 4319 529 4382 ἐκ
548 4322 604 4398 τῆς
623 4314 795 4394 θαλάσσης·
815 4307 977 4394 Ἀἰσχύλος

8 4461 9 4528 ἦ
150 4429 155 4444 ·
223 4411 350 4479 Hunos.
378 4408 445 4479 01».
469 4406 516 4476 11.
1066 4398 1099 4465 E
