3120 5030
341 375 343 385 .
411 319 649 382 SERMONIS
678 319 919 382 Hontnntct
944 319 1055 380 nlss
1082 319 1106 381 1.
1277 321 1320 386 23

199 491 425 584 pronunciet.
468 494 665 584 Pariterqne
693 493 812 564 Latine
837 504 870 562 et
899 494 931 564 ei
963 515 1089 586 ανσαπι
1111 490 1260 577 tendat,
1285 500 1319 560 et

199 619 306 688 qnam
333 616 479 665 ανοιιινι
488 598 601 666 tendit
628 597 730 668 dicas
789 598 861 666 Sed
883 579 1053 667 ιίιΙοειιιιιιιι
1086 595 1178 664 aliud
1203 617 1319 662 exem-

197 701 312 793 plum:
338 697 459 790 Odyss.
483 728 520 772 ω
544 699 604 768 82.
633 699 698 798 ἤδη
720 701 789 794 μεν
803 701 940 772 πολέων
964 693 1070 793 τάφῳ
1096 692 1278 794 ανδρων
1253 723 1315 770 αν

200 796 431 898 τεβόλησα
407 796 556 899 ηριέων,
584 801 646 878 ὅτε
666 805 725 878 κέν
750 798 836 875 ποτ’
852 797 1123 924 ἀποφθιμένου
1144 799 1316 896 βασιλῆος

199 899 399 990 ζώννυνται
436 933 478 978 τε
512 907 608 994 νέοι,
643 905 704 976 καὶ
731 897 989 980 ἐπεντύνονται
1011 899 1141 977 άεθλα.
1214 903 1317 971 Putet
1437 895 1443 910 '

145 1091 149 1098 ,
179 1005 420 1076 ·Thierschius
443 1031 479 1098 p.
500 1006 586 1094 168.
611 1019 751 1100 poetam
770 1008 961 1078 necessitate
983 1015 1139 1078 eoactum
1160 999 1316 1106 ζάννυν-

199 1135 265 1182 ται
282 1109 417 1196 dixisse,
447 1111 543 1200 quod
562 1112 633 1182 hec
656 1115 797 1181 'verbum
817 1111 1027 1182 cordunctivo
1045 1117 1191 1193 careret,
1216 1095 1316 1176 ideo-

199 1234 266 1300 que
289 1221 380 1280 certe
405 1207 664 1290 ἐπεντύνονται
687 1216 722 1282 in
752 1215 999 1285 coniunctivnm
1029 1213 1160 1296 mutari*
1178 1211 1314 1279 debere.

198 1313 334 1382 Malum
355 1338 454 1400 vero,
480 1317 507 1383 si
529 1329 632 1409 poete
655 1327 724 1386 tarn
747 1319 844 1408 inops
870 1317 985 1386 fuisset
1006 1316 1154 1400 consilii,
1187 1323 1315 1382 utnon

201 1428 259 1510 aut
280 1419 525 1488 coniunctivnm
542 1421 730 1508 declinere,
756 1433 815 1490 eut
832 1422 937 1489 verbo
957 1420 1022 1505 nti,
1048 1419 1143 1510 qnod
1169 1415 1314 1486 haberet

91 1549 95 1558 ·
199 1521 464 1608 ceniunefivum,
504 1526 676 1613 potuisset.
728 1525 808 1594 Hoc
834 1523 973 1614 quidem
993 1523 1028 1593 in
1050 1522 1129 1592 loco
1151 1529 1224 1608 tarn
1250 1542 1312 1614 ne-

199 1625 333 1692 cessarii
358 1633 433 1692 sunt
458 1626 644 1712 indicativi,
678 1637 716 1696 nt
740 1651 849 1716 neque
869 1629 919 1696 uti
943 1624 1177 1709 coniunctivis,
1201 1645 1312 1712 neque

197 1748 266 1794 non
278 1728 326 1795 uti
339 1728 525 1797 indicativis
551 1731 692 1799 licuerit.
716 1771 731 1786 ·⁴
744 1730 848 1815 Quod
872 1753 978 1820 quum
998 1739 1068 1801 tam
1083 1737 1238 1820 apertum
1262 1726 1312 1810 sit,

182 1838 235 1896 ἰιι
277 1829 558 1918 demonstratione
589 1856 658 1902 non
694 1834 863 1926 indigeat,
904 1835 980 1902 satis
1007 1833 1121 1901 habeo
1156 1829 1311 1913 adiicere,
1365 1842 1368 1848 ”

197 1935 488 2022 quemadmodum
516 1937 636 2004 Latine
661 1960 730 2006 non
753 1937 889 2024 dixeris,
936 1937 1064 2008 multos
1087 1934 1163 2004 vidi
1197 1932 1311 2018 ludos,

197 2059 305 2128 qnnm
331 2039 528 2108 certamina
552 2042 761 2110 instituerint
787 2042 943 2126 invenes,
976 2040 1036 2110 sed
1071 2060 1178 2131 quum
1211 2035 1310 2104 insti-

197 2147 314 2226 tuent,
347 2143 393 2210 ite
428 2143 618 2215 cavendum
654 2166 741 2228 esse,
782 2167 826 2214 ne
848 2144 1008 2213 Graecos
1040 2144 1156 2210 iubeas
1186 2139 1325 2236 dicere,

196 2244 292 2331 quod
313 2243 383 2316 dici
406 2267 474 2312 non
493 2255 615 2336 potest.
668 2245 740 2314 Sed
763 2247 847 2335 quid
865 2246 975 2314 verbis
997 2243 1107 2337 opus?
1131 2243 1311 2311 Inveniun

195 2355 252 2412 tur
275 2346 364 2413 enim
391 2346 477 2431 ioci,
516 2351 576 2437 qui
603 2357 672 2416 tam
703 2361 778 2416 sunt
804 2349 961 2418 adversus
994 2371 1109 2416 ornnes
1138 2343 1311 2413 machinas

195 2447 335 2533 muniti,
368 2457 422 2534 ut,
455 2451 518 2516 nisi
539 2451 651 2518 neseio
681 2472 749 2538 quo
780 2473 861 2520 casn
882 2442 1075 2520 Thierschii
1101 2447 1337 2538 diligentiams

196 2549 411 2641 effugissent,
435 2553 590 2644 regulam
609 2553 724 2636 istem,
751 2562 801 2622 sat
826 2554 912 2639 seio,
938 2575 1007 2621 non
1026 2553 1138 2622 fuisset
1152 2550 1311 2641 proposi-

153 2659 155 2662 ’
195 2663 298 2722 turus.
352 2653 473 2744 Odyss.
503 2680 533 2730 σ.
558 2653 643 2723 21Ί.
682 2655 747 2738 νῦν
779 2652 815 2728 d'
842 2653 904 2734 ότε
933 2649 978 2752 δή
998 2657 1108 2750 μέγας
1130 2653 1225 2738 ἐσσὶ,
1250 2651 1310 2724 καὶ

196 2755 284 2854 ἥβης
303 2758 448 2884 μέτρον
458 2752 602 2847 ἱκάνεις,
631 2755 752 2832 οσίιέτι
772 2786 833 2831 τοι
857 2759 982 2854 φρένες
1005 2757 1093 2832 εἰσὶν
1115 2755 1308 2849 ἐναίσιμοι.

196 2859 283 2926 408.
311 2856 392 2932 dtt'
408 2888 446 2932 ευ
435 2856 699 2955 δαισάμενοι,
726 2862 934 2937 κατακείετε
953 2857 1097 2935 οἷ”καό
1080 2855 1208 2946 ιόντες,
1240 2855 1308 2932 όπ-

196 2955 287 3036 πότε
308 2956 474 3053 θυμός
449 2988 582 3058 ανωγε
617 2957 796 3038 detineri
829 2961 949 3044 οὔτιν
976 2967 1094 3058 ἔγωγε.
1146 2961 1243 3028 Iliad·
1275 2987 1305 3032 ν

196 3062 282 3134 81Ί.
311 3061 428 3138 σοὶδ
451 3063 552 3161 αόνῳ
572 3065 666 3163 φημι
692 3058 864 3157 σχεδόν
843 3093 1019 3160 εμμεναι,
1048 3058 1189 3139 ὁππότε
1213 3056 1308 3156 goeri-

196 3194 267 3260 γαν
292 3161 423 3291 άρήση
436 3168 508 3241 Διῖ
523 3169 636 3264 πατρὶ
662 3167 722 3240 καὶ
744 3167 864 3250 ἄλλοις
889 3162 1136 3243 ἀθανάτοισιν
1162 3158 1307 3241 θάσσο-

197 3297 259 3350 νας
285 3265 414 3366 ἰρήκων
437 3273 564 3388 ἔμεναι
586 3269 857 3400 καλλίτριχας“
838 3295 975 3354 ιππους
1019 3271 1088 3340 Sic
1112 3271 1212 3338 etiam
1238 3267 1306 3337 Od.

198 3398 230 3499 ρ.
222 3371 331 3450 390.
358 3369 420 3444 οὐκ
444 3369 576 3502 α’λέγσρ,
605 3380 682 3454 εἵως
701 3382 769 3466 μοι
793 3376 953 3499 ἐχέφρων
979 3369 1205 3470 Πηνελόπεια
1228 3363 1307 3456 ζάει

197 3474 250 3548 ε’νὶ
275 3469 466 3570 μεγάροις,
491 3474 551 3550 καὶ
577 3467 781 3573 Τηλέμαχος
804 3471 979 3572 θεοειδής.
1040 3477 1140 3543 lta
1118 3500 1181 3554 ent
1208 3472 1308 3539 etlam

196 3576 292 3644 Iliad.
325 3605 357 3673 ρ.
381 3577 508 3648 222.
499 3602 534 3645 ιιι
558 3579 707 3648 oratione
728 3579 889 3670 elliptica
946 3579 1043 3650 Atios
1071 3579 1186 3660 locos,
1224 3595 1309 3663 quos
1354 3659 1363 3666 „

12 3661 17 3666 ¹
128 3692 130 3696 ’
197 3681 308 3760 attulit
325 3680 463 3770 quidem
483 3681 734 3766 mensebius,
750 3681 812 3748 sed
832 3692 870 3750 nt
896 3702 953 3750 eos
972 3689 1136 3764 tentaret,
1161 3687 1235 3745 tum
1254 3679 1306 3754 vie

196 3777 378 3869 debimns,
403 3807 506 3874 quum
536 3785 581 3852 de
612 3784 918 3874 comparationibus
946 3783 1142 3852 Homericis,
1165 3781 1305 3850 dicetur.

194 3887 258 3956 Ille
278 3896 393 3968 tamen
412 3896 548 3956 nonest
568 3885 627 3956 hic
647 3889 976 3978 praetermittendus,
1002 3887 1061 3977 qui
1082 3883 1149 3956 Od
1173 3913 1193 3958 ο
1220 3881 1304 3953 195.

197 3998 316 4060 exstat.
356 3985 448 4064 άλλά
485 3989 568 4064 θεοὶ
580 3983 735 4093 δυόωσι
764 3984 1054 4084 πολυπλάγκτους
1077 3982 1305 4080 άνθράπους,

196 4087 335 4167 οππότε
358 4121 417 4166 και
409 4053 642 4200 βασιλεῦσιν
661 4087 920 4168 ἐπικλωσονται
941 4087 1047 4178 ὀϊζόν.
1105 4090 1174 4162 Vbi
1201 4114 1305 4180 quum

194 4197 414 4266 Thierschius
441 4221 477 4288 p.
499 4194 595 4268 192.
601 4184 765 4265 futurum
783 4205 894 4282 recte,
926 4207 962 4264 ut
985 4195 1183 4280 arbitrer,
1174 4217 1303 4286 rnrpro-

193 4301 307 4390 haret,
340 4311 453 4370 tamen
478 4322 547 4369 non
564 4297 712 4378 debebat
741 4300 901 4371 codicem
924 4301 1119 4372 lectionibus
1149 4301 1194 4368 ad
1220 4320 1304 4366 con-
