3078 5026
531 259 866 380 ὀιεεοιισισιο
892 303 916 366 ι
974 317 984 411 2
1215 307 1280 374 rw

152 471 249 544 „Nam
262 471 361 542 illum
377 471 483 566 longe
499 473 592 542 aliud
606 475 690 566 quid
705 476 824 548 dixisse
840 477 876 546 in
896 457 1060 570 promptu
1080 477 1143 546 erit
1161 499 1279 550 recor·

160 574 255 646 danti
274 575 510 669 Aristophanis
533 577 568 644 in
592 581 696 648 Raris
720 577 885 648 ο.1021.
916 603 958 650 ex
976 601 1045 669 quo
1068 581 1148 650 loco
1171 581 1294 650 corri·'

159 680 313 774 gendum
340 705 411 750 esse
437 678 659 752 Plutarchum
682 683 749 752 iam
767 684 936 752 Stanlcius
956 683 1085 752 viderat
1105 684 1151 751 ad
1174 685 1280 754 vitam

159 783 325 874 Aeschyli
352 807 388 875 p.
414 783 500 852 too.
531 783 567 852 b.
625 783 697 856 Sed
725 787 903 856 redeamus
936 785 981 854 ad
1009 787 1290 878 grammaticum,

160 884 219 976 qui
255 887 343 954 istud
374 885 638 964 additamentum
674 889 719 958 ad
755 892 858 958 vitam
893 888 1063 977 Aeschyli
1092 880 1277 983 adscripsit.

160 991 323 1075 Quamvis
345 991 439 1070 enim
459 991 576 1082 inepta
596 993 637 1059 sit
660 992 726 1060 ista
755 993 919 1076 namatio,
960 991 1067 1060 habet
1096 1015 1137 1060 ea
1166 1001 1289 1062 tamen

160 1085 353 1184 duplicem,
390 1115 500 1182 neque
531 1117 607 1162 eam
638 1095 749 1164 levem
769 1097 955 1164 utilitatem.
1006 1095 1155 1164 Primum
1179 1095 1289 1181 cuiun,

161 1197 322 1285 quoniam
347 1219 516 1282 caussam,
557 1220 661 1285 quare
695 1199 740 1266 ita
769 1200 884 1268 territi
905 1198 1029 1268 fuednt
1061 1207 1279 1318 spectatores,

160 1321 229 1368 non
250 1301 285 1367 in
301 1321 442 1368 numero
464 1299 641 1368 Furiarum
664 1303 760 1391 ponit
780 1301 1034 1394 grammaticus,
1061 1299 1157 1371 hac
1147 1323 1221 1392 rpsa
1241 1323 1280 1370 re

159 1403 314 1472 dubitare
334 1425 395 1472 nos
416 1403 511 1504 cogit
527 1404 572 1473 de
589 1405 726 1474 veritate
749 1406 883 1472 alterius
903 1404 1113 1490 narrationis,
1142 1405 1193 1474 ale
1211 1427 1280 1494 qua

159 1507 270 1578 statim
294 1507 550 1597 explicabimust
575 1505 698 1590 deinde
724 1508 825 1576 aliam
849 1506 948 1574 affert
963 1508 1098 1576 terroris
1117 1530 1278 1592 caussam,

161 1633 313 1698 eamque
327 1611 446 1693 talem,
479 1631 566 1700 quae
587 1609 661 1678 ad
651 1633 760 1702 rpsam
786 1612 922 1680 fabulae
944 1609 1155 1700 Aeschyleae
1175 1611 1279 1678 inter-

158 1713 383 1804 pretationem
415 1713 546 1805 insigne
576 1723 784 1783 momentum
815 1713 959 1800 habeat,
999 1723 1137 1804 poetam
1160 1713 1280 1782 Furias

161 1809 344 1914 σποράδην
368 1817 588 1884 introduxisse
609 1817 732 1885 (licens.
791 1816 897 1903 Quod
919 1816 1000 1906 quid
1020 1817 1077 1904 sit,
1109 1816 1196 1886 infra
1219 1837 1280 1884 ex-

115 2009 117 2012 ·
160 1919 360 2010 planabitur.
412 1921 677 2012 Progrediamur
702 1943 787 2012 ergo
810 1921 853 1990 ad
877 1922 1073 2004 Pollucem,
1110 1941 1180 2010 quo
1205 1919 1278 1988 solo

160 2035 297 2092 auctore
312 2021 435 2091 chorus
449 2023 597 2114 tragicus
618 2048 725 2114 usque
751 2024 794 2092 ad
809 2023 1014 2092 Eumenides
1036 2024 1280 2116 quinquaginta

159 2121 319 2217 personas
333 2125 490 2194 babuisse
505 2125 662 2194 creditur.
713 2127 839 2196 Scribit
861 2136 974 2194 autem
988 2126 1112 2194 Pollux
1133 2127 1192 2211 ita,
1217 2126 1277 2193 lib.

159 2229 220 2297 lv.
247 2226 333 2295 11⁰.
360 2255 404 2300 το
397 2221 466 2300 δὲ
490 2222 703 2300 παλαιόν
679 2221 901 2350 οτραγιιιός
921 2254 1028 2322 χορος
1053 2222 1283 2322 πεντήκοντα

159 2327 275 2427 ἦσαν,
316 2328 403 2423 ἄχρι
437 2329 510 2401 τοῖν
536 2326 750 2420 Εὐμενίδων
779 2323 986 2418 Αι’σχιν’λοο’
1027 2323 1116 2424 node
1146 2331 1184 2402 δὲ
1213 2324 1280 2402 τόν

160 2431 271 2522 ὄχλον
293 2426 414 2514 ,αὐτων
431 2430 500 2502 aori
524 2425 684 2519 πλήθους
704 2432 984 2554 ἐνπτοηδέντος,
1011 2426 1281 2504 συνέστειλεν
1258 2457 1278 2502 ο

159 2529 273 2626 νόμος
295 2536 351 2613 εἰς
366 2527 503 2606 ἐλάττω
522 2527 687 2627 α’(νιδμον
708 2559 775 2606 τον
796 2527 919 2626 χορόν.
972 2531 1093 2602 Solum
1110 2531 1198 2603 haec
1212 2532 1282 2602 dixi

159 2637 338 2707 Pollucem
352 2635 499 2706 tradere.
526 2637 672 2726 graviter
687 2637 776 2704 enim
797 2636 977 2721 falluntur,
1002 2636 1077 2725 qui,
1104 2637 1198 2727 quod
1212 2638 1281 2704 Pe-

159 2741 236 2808 titus
262 2739 307 2806 ad
328 2739 424 2830 leges
443 2740 570 2810 Atticas
590 2762 625 2831 p.
650 2737 710 2806 66.
732 2737 836 2830 (138.
860 2739 915 2806 ed.
930 2740 1087 2834 Wessel.)
1121 2739 1280 2811 Kiihnius

161 2843 205 2928 ad
220 2843 416 2928 Pollucem,
444 2850 477 2910 et
495 2843 664 2912 Stanleius
685 2841 729 2910 ad
749 2844 852 2911 vitam
877 2842 1042 2931 Aeschyli
1069 2866 1104 2934 p.
1126 2843 1213 2912 702.
1237 2845 1305 2914 Μ

160 2946 306 3029 faciunt,
333 2945 378 3022 de
397 2945 518 3013 eadem
536 2969 577 3014 re
595 2947 786 3038 intelligunt
809 2947 913 3012 verba
928 2935 1115 3014 Aristotelis
1133 2947 1168 3013 in
1188 2948 1277 3015 libro

161 3049 206 3118 rle
220 3059 290 3118 arte
308 3049 444 3138 poetica
467 3072 497 3138 o.
512 3049 572 3118 lV.
597 3048 657 3118 16.
680 3051 738 3120 καὶ
764 3043 813 3120 col
833 3049 903 3120 τοῦ
926 3049 1039 3144 χοροῦ
1058 3041 1276 3144 ἠλάττωσεν.
1320 3091 1327 3106 ·

160 3151 355 3223 Aristoteles
376 3174 445 3218 non
468 3151 511 3220 de
532 3153 683 3241 personis
714 3151 875 3238 choricis,
917 3152 976 3220 sed
1002 3151 1046 3218 dc
1077 3150 1278 3224 carminibus

160 3256 327 3345 loquitur:
351 3256 431 3344 quin
449 3277 492 3322 ne
515 3255 626 3345 potuit
645 3255 782 3343 quidem
802 3275 962 3344 personas
981 3253 1016 3322 in
1037 3251 1148 3332 mente
1167 3254 1279 3322 habe-

44 3383 45 3388 *
160 3381 216 3464 re,
250 3359 347 3449 quia,
383 3361 410 3426 si
440 3358 522 3455 lege
549 3367 683 3427 cautum
716 3367 765 3426 est
794 3366 936 3448 propter
962 3357 1167 3426 Eumenides
1193 3357 1279 3448 illas,
1332 3365 1339 3385 '
1529 3429 1530 3456 χ

134 3483 203 3550 ¹uo
228 3461 351 3532 chorus
382 3462 470 3530 ultra
503 3462 569 3530 XV
596 3485 757 3553 personas
785 3461 946 3543 haberet,
984 3459 1020 3526 id
1044 3483 1112 3526 non
1143 3449 1193 3524 est
1216 3479 1280 3524 au-¹
1390 3519 1393 3526 t
1529 3457 1530 3470 ¹

159 3574 254 3645 ctore
281 3563 453 3654 Aeschylo
481 3564 627 3650 factum,
668 3564 728 3632 sed
755 3559 892 3631 nolente
914 3561 1098 3650 Aeschylo.
1163 3559 1279 3650 Multo

158 3670 268 3736 minus
289 3667 484 3736 Philostrati
503 3667 599 3736 locus
622 3666 756 3734 devita
777 3663 951 3754 Apollonii
970 3664 1031 3736 Vl
1057 3662 1118 3729 11.
1139 3683 1175 3752 p.
1191 3643 1278 3730 244.

161 3771 349 3840 aStanleio
372 3769 564 3840 et01eario
585 3769 656 3838 huc
675 3767 763 3835 trahi
781 3759 946 3851 debebat,
978 3767 1025 3833 in
1035 3781 1104 3855 quo
1126 3764 1280 3835 additum

160 3869 346 3970 ἀποτάδην
369 3875 448 3942 satis
475 3872 600 3942 docere
621 3881 778 3964 poterat,
810 3871 1052 3940 Philostratum
1077 3890 1213 3959 quoque
1235 3870 1280 3938 dc
1327 3871 1332 3876 ’

158 3977 270 4068 longis
286 3977 384 4046 chori
398 3978 600 4046 canninibus
617 3977 723 4066 loqui.
777 3973 1002 4042 Crediderunt
1018 3981 1130 4042 autem
1144 3973 1281 4042 Polluci

160 4102 230 4148 uon
244 4079 349 4148 modo
366 4082 503 4164 Petitus‚
529 4078 913 4166 Staoleius,Ki1lrnius,
939 4075 1149 4161 Perizonius,
1165 4077 1280 4168 Berg-

158 4184 258 4268 lerus,
284 4184 419 4272 aliique,
447 4206 531 4271 quos
551 4185 766 4284 Boettigerns
784 4182 1071 4264 commemoravit,
1098 4179 1277 4248 sedetiam
1354 4224 1357 4229 -

159 4285 339 4379 llgenius
330 4309 364 4359 ιιι
391 4286 619 4355 dissertatione
639 4285 683 4353 de
704 4283 813 4354 choro
832 4284 964 4376 tragico
975 4305 1011 4426 p
1027 4279 1089 4352 55.
1116 4281 1277 4374 Opuscu-

211 4385 502 4462 Haan.01³..ll
577 4389 582 4400 “
852 4429 886 4488 3
1073 4387 1091 4454 l
1211 4449 1218 4462 ‚
