3058 5046
264 351 329 414 218
491 345 708 422 GENSVRA
728 337 886 410 hoves
906 345 1149 409 solvlonls

263 517 408 591 dicenda
422 519 614 589 satisfacere
634 501 730 587 tanto
745 518 915 590 difficilius
937 527 1002 606 est,
1028 501 1123 609 quod
1142 541 1244 610 saepe
1265 518 1379 588 diver-

263 627 305 694 sis
319 646 395 692 non
417 622 522 691 modo
544 591 693 707 diversa,
718 622 779 692 sed
795 623 960 692 contraria
975 622 1123 713 placent.
1173 623 1304 691 Verum
1319 622 1379 691 etsi

263 726 414 796 satisfieri
434 726 588 796 omnibns
616 725 839 794 nullomodo
865 747 965 816 posse
992 726 1231 818 intelligimus,
1264 735 1378 793 temen

261 829 347 898 illud
367 829 573 898 studebimus
595 829 750 914 efficere,
775 836 813 897 ut
837 830 951 918 aequis
975 826 1098 897 harum
1121 851 1232 896 rernm
1247 830 1378 896 arbitris

261 932 363 1018 nihil,
388 930 481 1023 quod
509 954 577 1001 non
595 930 725 999 idoneis
750 932 933 1000 rationibus
956 931 1118 999 munitum
1140 932 1196 1016 sit,
1229 933 1379 1000 attulisse

262 1035 445 1106 videamur.
495 1037 550 1105 Ac
572 1033 618 1103 de
638 1055 680 1102 eo
699 1035 837 1123 quidem
857 1035 943 1102 inter
956 1057 1071 1104 omnes
1084 1035 1262 1106 convenire
1275 1043 1377 1126 puta-

262 1162 354 1223 mus,
391 1137 547 1208 Editores
578 1137 786 1208 doctissimos
814 1137 984 1206 Thesauri
1010 1138 1231 1229 Stephaniani
1251 1146 1379 1206 tantam

264 1251 298 1312 et
315 1243 351 1311 in
372 1240 615 1332 locupletando
629 1240 701 1311 hoc
720 1241 808 1310 libro
826 1240 1036 1331 industriam,
1062 1251 1095 1312 et
1116 1243 1151 1309 in
1172 1239 1378 1333 expoliendo

263 1345 473 1438 diligentiam
493 1345 674 1430 adhibere,
708 1352 745 1412 ut
773 1344 853 1414 inde
877 1367 946 1412 non
966 1347 1072 1438 possit
1089 1367 1157 1413 non
1180 1367 1310 1414 summa
1332 1342 1379 1410 ad

263 1449 374 1518 studia
399 1448 607 1519 Graecarum
634 1447 820 1516 litterarum
848 1449 970 1516 utilitas
1003 1448 1202 1526 redundare.
1276 1447 1380 1517 Cuius

264 1553 374 1620 meriti
398 1573 467 1640 quo
491 1551 651 1643 insignior
673 1563 723 1618 est
744 1551 974 1642 magnitudo,
997 1574 1134 1643 quoque
1152 1553 1228 1643 plns
1252 1552 1379 1618 laboris

262 1657 297 1726 in
318 1655 379 1722 illa
405 1669 510 1744 op'era
533 1653 769 1723 exantlandum
792 1664 859 1741 est,
902 1664 994 1723 tanto
1022 1658 1143 1727 certius
1166 1655 1379 1738 confidimus

261 1758 429 1826 neminem
451 1756 545 1840 fore,
577 1757 658 1846 quin
678 1779 719 1826 ex
741 1758 851 1825 animo
871 1760 1011 1850 gratias,
1047 1768 1190 1846 quantae
1211 1759 1380 1824 maximae

262 1861 344 1945 sint,
371 1860 521 1952 agendas
535 1859 589 1927 his
611 1859 687 1926 viris
710 1869 851 1928 censeat
905 1860 1017 1943 Quam
1036 1860 1154 1927 infiniti
1176 1859 1381 1927 enimlabo·

260 1964 305 2030 ris
329 1962 388 2046 sit,
420 1962 575 2051 exempla
600 1963 644 2029 ab
664 1962 712 2034 H.
732 1961 909 2052 Stephano
926 1962 1026 2031 citata
1046 1963 1235 2050 exquirere,
1261 1961 1381 2053 copias

261 2089 282 2136 a
297 2064 527 2155 compluribus
548 2064 741 2133 hominibus
760 2065 868 2134 doctis
883 2073 1059 2156 congestas
1075 2065 1270 2156 disponere,
1296 2065 1381 2135 scri-

261 2179 377 2262 ptores
406 2169 513 2235 omnis
541 2167 673 2260 genen's
698 2191 883 2257 eorumque
903 2168 1103 2260 interpretes
1121 2167 1305 2258 inspicere,
1342 2167 1379 2234 in

261 2271 399 2365 singulis
414 2271 499 2340 locis
518 2271 760 2360 vocabulisque
778 2294 867 2360 quae
886 2269 990 2338 dubia
1002 2280 1103 2360 atque
1121 2271 1283 2362 ambigna
1304 2279 1379 2338 suut

194 2367 197 2378 ’
261 2375 471 2470 ponderare,
510 2385 683 2468 postremo
707 2397 749 2443 ex
770 2374 825 2444 his
850 2374 1003 2441 omnibus
1028 2397 1107 2442 vera
1129 2378 1265 2460 ornere,
1295 2374 1330 2470 id
1350 2373 1377 2440 is

263 2479 401 2549 demum
430 2486 522 2548 recte
558 2478 797 2564 aestimaverit,
839 2479 899 2566 qui
927 2500 995 2554 non
1027 2475 1138 2549 dicam
1164 2479 1238 2570 ipse
1267 2477 1378 2548 similis

263 2605 389 2672 operae
407 2581 599 2700 periculum
621 2580 755 2667 fecerit,
789 2579 850 2649 sed
876 2581 931 2649 vel
947 2605 1049 2650 unam
1070 2583 1251 2650 alteramve
1274 2581 1378 2682 pagi

235 2692 341 2756 2nam
362 2684 463 2751 huius
485 2707 564 2751 novr
553 2683 750 2753 Thesauri
772 2685 819 2752 ita
844 2686 1116 2776 pertractaverit,
1142 2694 1194 2770 ut,
1220 2708 1308 2772 quae
1330 2683 1377 2750 ibi

157 2781 159 2789 ’
262 2789 414 2876 exposita
426 2795 519 2871 snnt
546 2808 659 2854 omma
669 2798 825 2860 accurate
838 2789 1089 2880 pervestigaret.
1140 2789 1186 2856 Et
1200 2788 1288 2856 haec
1302 2786 1379 2875 qui-

261 2890 342 2958 dem
359 2898 430 2957 tam
445 2889 615 2955 laboriosa
631 2912 738 2981 opera
759 2891 1047 2979 quemadmodum
1068 2891 1264 2960 Editon'bus
1278 2889 1377 2957 The-

261 2994 348 3064 sauri
369 3015 436 3060 non
458 3000 570 3083 potest
587 3013 656 3060 non
679 3016 829 3061 summae
843 2993 938 3061 laudi
957 3017 1044 3078 esse,
1070 2994 1115 3062 ita
1129 2995 1224 3062 nobis
1237 3014 1378 3061 excusa-

260 3098 344 3166 tioni
361 3097 439 3182 erit,
466 3095 493 3163 si
514 3095 549 3162 in
571 3095 732 3164 sententia
749 3097 793 3165 de
810 3095 881 3165 hoc
904 3097 992 3164 libro
1007 3097 1152 3168 dicenda
1169 3105 1298 3164 tantum
1316 3094 1378 3164 hio

259 3201 332 3270 illic
353 3198 483 3289 aliquid
506 3199 756 3269 delibabimus
797 3203 898 3270 Nam·
915 3200 942 3268 si
965 3210 1075 3269 totum
1097 3203 1190 3272 hunc
1211 3199 1379 3269 Thesauri

259 3303 460 3375 fasciculum
480 3303 748 3396 paridiligentia
768 3326 966 3395 percensere
988 3306 1169 3392 vellemus,
1195 3305 1251 3373 vel
1269 3306 1304 3370 in
1325 3303 1379 3370 le-

260 3407 377 3501 gendo
415 3429 457 3474 eo
493 3413 525 3473 et
560 3428 623 3496 per
662 3407 793 3500 singula
828 3407 1071 3477 considerando
1096 3412 1181 3501 plus
1206 3406 1379 3498 temporis,

260 3535 364 3601 qnam
396 3511 441 3578 ad
469 3508 683 3580 scribendum
712 3511 811 3580 nobis
841 3534 1036 3598 concessum
1065 3523 1133 3600 est,
1178 3533 1378 3585 consumen-

261 3613 343 3684 dum
367 3615 467 3686 foret

361 3820 459 3890 Duae
479 3843 532 3887 res
551 3818 586 3886 in
607 3820 663 3906 iis,
698 3844 785 3912 quae
811 3821 855 3889 ad
884 3821 1009 3891 litteras
1031 3817 1181 3892 Graecas
1201 3818 1379 3912 pertinent,

259 3923 366 4014 longe
387 3934 462 3992 snm
485 3923 726 4011 difficillimae,
768 3925 901 3993 lexicon
920 3926 1083 4010 scribere,
1125 3935 1158 3992 ct
1181 3921 1379 4014 grammati-

262 4048 348 4095 cam.
399 4023 501 4095 Vnde
518 4026 556 4092 id
580 4050 621 4094 ex
642 4026 752 4095 doctis
775 4027 967 4096 hominibus
987 4029 1151 4121 perpauci
1171 4027 1286 4096 facere
1309 4024 1380 4091 ausi

261 4136 354 4218 sunt3
378 4129 507 4197 indocti
530 4139 660 4217 antem,
685 4133 815 4223 quippe
830 4155 873 4200 ne
894 4133 1067 4225 cognitam
1090 4131 1228 4221 quidem
1242 4130 1291 4196 rei
1306 4151 1379 4195 ma-

261 4231 472 4325 gnitudinem
491 4231 671 4320 habentes,
695 4236 849 4304 certatim
870 4234 996 4308 fecere.
1047 4237 1095 4305 Et
1115 4235 1225 4304 lerica
1240 4231 1380 4320 quidem

262 4338 396 4408 Graeca
417 4335 476 4426 qui
497 4344 577 4430 post
602 4335 816 4430 Stephanum
835 4338 1075 4427 condiderant,
1108 4359 1227 4408 eorum
1250 4343 1380 4404 tantum
