3058 5046
508 366 521 390 ¹'
532 363 875 430 DISSERTATIO
1198 367 1262 430 189

247 538 356 608 Porro
379 529 602 658 Eu'puso'pq,
618 537 854 630 Iatipascs,
858 472 1100 624 1111101111,
1123 530 1263 660 Χάρι-

144 667 266 740 paroc,
298 639 448 710 Gratias
487 641 519 710 ei
554 641 706 733 peperit,
759 635 957 740 Ἀγλαῖηιι,
1001 633 1262 736 Εὐφροσύνην,
1342 701 1344 708 .

145 741 309 840 θαλίην,
335 742 558 834 Splenduam,
578 744 761 864 Idilariam,
787 743 945 814 Floram.
971 764 1040 834 quo
1057 744 1263 838 significatur

142 846 380 940 navigantium.
395 847 605 916 commerciis
625 857 725 940 parta
750 847 995 938 opulentia.

212 997 380 1086 Deinde
395 1038 437 1084 er
452 1013 576 1085 Cerere
590 1008 844 1132 Φερσεφόνην,
863 1012 1079 1102 Semoniam,
1105 1013 1311 1105 suscepiqso

145 1143 234 1212 quae
257 1142 372 1188 semen
395 1119 579 1212 significat,
613 1111 714 1209 qnod
737 1118 846 1212 segeti
873 1119 972 1188 affert
993 1120 1170 1189 interitum.
1222 1115 1265 1183 ld

145 1224 305 1315 quoniam
327 1232 415 1290 terra
438 1222 610 1307 conditur,
643 1218 782 1320 Αἴθης,
810 1189 994 1308 Nelndlrs,
1009 1223 1157 1315 rapuisse
1179 1219 1267 1288 dici-

124 1338 126 1344 '
144 1337 200 1396 tur
212 1325 423 1409 Semo'niam,
448 1327 584 1418 volente
597 1325 731 1393 Fervio.
784 1323 898 1408 Quam
915 1337 1021 1395 mater
1033 1349 1136 1428 quum
1152 1323 1268 1412 requi-

144 1439 252 1514 reret,
276 1428 505 1500 intercedente
520 1413 616 1519 patre
631 1427 724 1518 pacti
739 1435 830 1512 sunt,
856 1438 894 1496 ut
909 1429 1039 1498 tertiam
1055 1439 1187 1522 quartem
1204 1449 1265 1494 an-

144 1534 180 1602 ni
202 1533 374 1604 Semouia
371 1531 464 1600 infra
482 1541 605 1600 terram
630 1539 731 1614 esset,
770 1476 916 1619 reliquas
937 1532 1020 1601 duas
1037 1541 1150 1604 autern
1171 1528 1265 1622 apud

145 1657 303 1727 superos:
329 1657 431 1724 qnam
445 1635 614 1724 fabulam,
639 1633 732 1704 cuius
755 1655 866 1710 sensus
886 1639 1084 1728 perspicuus
1102 1644 1171 1720 est,
1196 1655 1265 1702 nun
1337 1639 1340 1644 '

144 1738 353 1808 intellectam
376 1737 486 1807 multis
506 1745 636 1808 enarrat
659 1738 703 1821 is,
729 1738 788 1826 qui
801 1737 1023 1809 Homericum
1044 1739 1208 1829 hymnum
1230 1736 1265 1804 in

146 1841 307 1912 Cererem
328 1841 419 1910 fecit.
469 1843 526 1912 Ab
549 1830 903 1934 Latinis'Proserpiua
923 1843 1032 1931 (licta,
1065 1842 1161 1934 quod
1174 1860 1265 1932 pro·¹
1321 1888 1323 1898 ·

146 1946 261 2066 serpit
270 1969 291 2016 e
311 1954 400 2015 terro
413 1967 536 2017 semen.

152 2103 154 2106 ⁵
248 2115 303 2183 Ex
320 2107 493 2200 Moneta,
514 2079 601 2204 qnae
630 2114 769 2185 Graecis
792 2115 1021 2214 Μνημοσύνη
1047 2125 1114 2200 est,
1147 2115 1266 2183 insen

113 2281 114 2285 ,
146 2220 250 2290 trices
279 2219 398 2287 artium
427 2211 584 2299 Morinos
611 2217 728 2307 genuit
756 2217 915 2304 Pervius,
958 2242 1040 2306 quas
1068 2218 1216 2286 Romani
1245 2241 1265 2284 a

146 2321 364 2392 carminando
385 2321 549 2390 Camenas
574 2329 753 2390 vocarunt:
786 2320 820 2386 in
849 2343 917 2414 qua
940 2321 1060 2390 fabula
1082 2320 1170 2389 nihil
1199 2320 1265 2387 ob

144 2424 236 2496 scurl
264 2431 323 2492 est.
1265 2429 1268 2436 ’

251 2583 364 2688 Λητώ
378 2602 508 2678 autem,
534 2593 683 2686 Sopitia,
716 2593 870 2686 geminos
892 2593 923 2661 ei
945 2593 1097 2686 peperit,
1122 2587 1263 2668 Ἀπόλ-

147 2699 269 2784 tara,
295 2695 514 2783 Necinum,
505 2721 539 2765 rn
559 2698 667 2766 insula
681 2691 813 2794 Δήλῳ,
840 2695 1039 2784 Manifesta,
1073 2706 1107 2766 11
1123 2695 1266 2791 ”Aprs-
1287 2765 1291 2778 s

147 2824 214 2890 μιν
221 2852 236 2886 ,
262 2797 484 2888 Sospitam,
474 2823 509 2869 ru
528 2797 723 2897 Ὀρτυγίη,
749 2801 911 2868 Emersia.
962 2802 1051 2872 Nam
1074 2803 1266 2890 quiescente

112 2915 113 2920 ’
147 2902 282 2969 fervore
308 2903 401 2970 vitali
427 2927 517 2973 mors
546 2904 768 2994 consequitur.
818 2906 871 2972 Ea
906 2927 986 2974 vero
1019 2905 1172 2974 biformis
1204 2911 1280 2986 est,-

150 3003 286 3077 mortali
309 3015 427 3074 natura
443 3007 619 3076 manifesto
640 3016 820 3100 pereunte,
843 3007 1005 3076 incolumi
1025 3017 1136 3076 autem
1154 3028 1265 3074 emer-

149 3115 252 3198 gente
271 3107 461 3178 immortali.
512 3111 631 3201 Itaqne
647 3112 777 3201 Apollo
801 3120 835 3177 et
856 3110 965 3178 Diana
986 3120 1132 3178 mortem
1161 3107 1267 3210 signi·

147 3208 267 3280 'alicant
292 3212 384 3280 unde
400 3233 495 3282 arcus
515 3223 548 3280 et
561 3215 719 3330 sagittae,
746 3223 780 3280 et
794 3211 860 3278 dea
873 3211 1030 3280 venatrix.
1081 3211 1135 3280 ne
1152 3201 1265 3303 Apol

148 3312 218 3384 Iine
239 3312 535 3383 luculentissimum
550 3313 773 3382 testimoninm
791 3323 895 3383 exstat
917 3305 1019 3384 Iliad.
1030 3315 1154 3386 XXIV.
1177 3311 1264 3382 158.
1324 3347 1326 3357 ¹

150 3439 219 3506 seq.
236 3409 281 3484 (11
296 3419 462 3488 ambobus
477 3416 600 3508 odyss.
613 3419 689 3492 XV.
703 3416 789 3486 409.
808 3439 902 3510 seqq.
953 3418 1138 3488 Morieutes
1153 3426 1265 3486 autem
1308 3412 1318 3428 ⁵

150 3520 310 3612 qnoniam
336 3523 448 3590 lutura
468 3522 661 3613 praesagire
687 3521 884 3606 creduntur,
925 3521 1071 3590 Necinus
1101 3521 1185 3589 dens
1215 3526 1267 3587 est

149 3621 324 3693 fatidicus:
348 3624 428 3693 inde
453 3625 484 3694 ei
501 3625 613 3715 poesis
628 3633 662 3692 et
682 3647 734 3692 ars
751 3624 894 3707 musica,
921 3624 1127 3712 comitesque
1144 3622 1266 3690 Musae

149 3725 246 3818 ipsae
262 3726 370 3796 datae.
421 3725 519 3796 Idem
538 3735 658 3818 postea
673 3719 812 3814 Horaia,
838 3725 961 3811 Icilius,
986 3736 1134 3810 vocatus,
1159 3723 1266 3816 qnod,

150 3851 235 3918 quos
260 3830 396 3917 feriret,
437 3832 525 3899 vitae
552 3829 713 3898 molestiis
735 3828 966 3898 liberarentur.
1025 3829 1163 3920 Sospita
1183 3850 1266 3899 vero

74 3999 78 4012 ,
149 3931 306 4001 mulieres
321 3933 411 4004 dicta
423 3933 631 4019 interimere,
652 3932 788 4002 detorta
808 3932 1014 4022 aliquantum
1028 3955 1107 4003 vera
1128 3932 1268 4009 fabulae,

149 4035 439 4126 interpretatione,
464 4037 710 4126 fortassequod
725 4037 882 4105 mulieres
902 4057 988 4120 non,
1013 4046 1050 4104 ut
1070 4036 1131 4105 viri
1151 4059 1264 4128 saepe,

151 4161 194 4208 ex
214 4138 424 4227 vulneribus,
457 4141 518 4210 sed
539 4141 701 4212 incolumi
719 4140 921 4231 plerumque
945 4161 1090 4230 corpore
1113 4140 1266 4210 morinu-

149 4250 215 4311 tur.
266 4241 400 4312 Eadem
417 4245 586 4336 aliquanto
602 4253 681 4334 post
699 4243 800 4310 etiam
814 4243 997 4333 puerperio
1009 4245 1202 4337 praefecta,
1227 4250 1265 4312 ut

150 4353 296 4417 manum
316 4348 488 4440 prolisque
511 4346 731 4420 incolumitati
750 4348 970 4444 prospiceret.
1342 4337 1346 4342 ’
