<?xml version="1.0" encoding="UTF-8"?>
<!DOCTYPE html PUBLIC "-//W3C//DTD XHTML 1.0 Transitional//EN"
    "http://www.w3.org/TR/xhtml1/DTD/xhtml1-transitional.dtd">
<html xmlns="http://www.w3.org/1999/xhtml" xml:lang="en" lang="en">
 <head>
  <title>
</title>
<meta http-equiv="Content-Type" content="text/html;charset=utf-8" />
  <meta name='ocr-system' content='tesseract 3.04.00' />
  <meta name='ocr-capabilities' content='ocr_page ocr_carea ocr_par ocr_line ocrx_word'/>
</head>
<body>
  <div class='ocr_page' id='page_1' title='image "./opuscula03hermgoog/opuscula03hermgoog_0021.png"; bbox 0 0 3120 5030; ppageno 0'>
   <div class='ocr_carea' id='block_1_1' title="bbox 247 249 1006 374">
    <p class='ocr_par' dir='ltr' id='par_1_1' title="bbox 247 249 1006 374">
     <span class='ocr_line' id='line_1_1' title="bbox 247 249 1006 374; baseline -0.003 0"><span class='ocrx_word' id='word_1_1' title='bbox 247 313 314 374; x_wconf 85' lang='lat'><strong>1⁰.</strong></span> <span class='ocrx_word' id='word_1_2' title='bbox 606 309 665 372; x_wconf 83' lang='lat' dir='ltr'><strong>DE</strong></span> <span class='ocrx_word' id='word_1_3' title='bbox 692 249 1006 374; x_wconf 74' lang='lat' dir='ltr'><strong>ARGVMENTlS</strong></span> 
     </span>
    </p>
   </div>
   <div class='ocr_carea' id='block_1_2' title="bbox 347 445 1243 684">
    <p class='ocr_par' dir='ltr' id='par_1_2' title="bbox 347 445 1181 684">
     <span class='ocr_line' id='line_1_2' title="bbox 347 445 1128 610; baseline -0.003 -54"><span class='ocrx_word' id='word_1_4' title='bbox 347 481 521 610; x_wconf 76' lang='grc' dir='ltr'><strong><em>Νηλοῖδαι</em></strong></span> <span class='ocrx_word' id='word_1_5' title='bbox 542 445 770 575; x_wconf 72' lang='grc' dir='ltr'><strong><em>μετόπισθεν</em></strong></span> <span class='ocrx_word' id='word_1_6' title='bbox 784 477 919 564; x_wconf 76' lang='grc' dir='ltr'><strong><em>Ἰόονις</em></strong></span> <span class='ocrx_word' id='word_1_7' title='bbox 934 475 1128 608; x_wconf 77' lang='grc' dir='ltr'><strong><em>ἱδρύσαντο</em></strong></span> 
     </span>
     <span class='ocr_line' id='line_1_3' title="bbox 347 576 1243 684; baseline 0 -28"><span class='ocrx_word' id='word_1_8' title='bbox 347 576 464 681; x_wconf 78' lang='grc' dir='ltr'><strong><em>ἱερόν,</em></strong></span> <span class='ocrx_word' id='word_1_9' title='bbox 493 580 641 681; x_wconf 54' lang='lat' dir='ltr'><strong>,rioldum</strong></span> <span class='ocrx_word' id='word_1_10' title='bbox 662 579 746 681; x_wconf 79' lang='grc' dir='ltr'><strong><em>ἦεν,</em></strong></span> <span class='ocrx_word' id='word_1_11' title='bbox 772 581 979 684; x_wconf 61' lang='grc' dir='ltr'><strong>ιἸησονίης</strong></span> <span class='ocrx_word' id='word_1_12' title='bbox 962 611 1000 660; x_wconf 84' lang='grc' dir='ltr'><strong><em>εν</em></strong></span> <span class='ocrx_word' id='word_1_13' title='bbox 1020 576 1243 681; x_wconf 78' lang='grc' dir='ltr'><strong>’.Αθήνης</strong></span> 
     </span>
    </p>
   </div>
   <div class='ocr_carea' id='block_1_3' title="bbox 59 716 1357 3486">
    <p class='ocr_par' dir='ltr' id='par_1_3' title="bbox 59 716 1357 3382">
     <span class='ocr_line' id='line_1_4' title="bbox 244 716 1357 811; baseline 0.001 -25"><span class='ocrx_word' id='word_1_14' title='bbox 244 719 318 787; x_wconf 87' lang='lat' dir='ltr'><strong>lam</strong></span> <span class='ocrx_word' id='word_1_15' title='bbox 336 716 514 810; x_wconf 91' lang='lat' dir='ltr'><strong>Orpheus,</strong></span> <span class='ocrx_word' id='word_1_16' title='bbox 539 719 686 809; x_wconf 82' lang='lat' dir='ltr'><strong>quinon</strong></span> <span class='ocrx_word' id='word_1_17' title='bbox 707 720 805 806; x_wconf 89' lang='lat' dir='ltr'><strong>dicit,</strong></span> <span class='ocrx_word' id='word_1_18' title='bbox 830 721 922 789; x_wconf 92' lang='lat' dir='ltr'><strong>unde</strong></span> <span class='ocrx_word' id='word_1_19' title='bbox 942 719 1002 788; x_wconf 90' lang='lat' dir='ltr'><strong>iste</strong></span> <span class='ocrx_word' id='word_1_20' title='bbox 1015 729 1165 811; x_wconf 90' lang='lat' dir='ltr'><strong>sumptus</strong></span> <span class='ocrx_word' id='word_1_21' title='bbox 1186 718 1286 786; x_wconf 78' lang='lat' dir='ltr'><strong>fuerit</strong></span> <span class='ocrx_word' id='word_1_22' title='bbox 1304 719 1357 787; x_wconf 93' lang='lat' dir='ltr'><strong>la-</strong></span> 
     </span>
     <span class='ocr_line' id='line_1_5' title="bbox 243 821 1355 915; baseline 0.002 -25"><span class='ocrx_word' id='word_1_23' title='bbox 243 823 314 913; x_wconf 90' lang='lat' dir='ltr'><strong>pis,</strong></span> <span class='ocrx_word' id='word_1_24' title='bbox 340 822 366 890; x_wconf 90' lang='lat' dir='ltr'><strong>si</strong></span> <span class='ocrx_word' id='word_1_25' title='bbox 380 845 523 913; x_wconf 86' lang='lat' dir='ltr'><strong>parvum</strong></span> <span class='ocrx_word' id='word_1_26' title='bbox 538 821 687 910; x_wconf 78' lang='lat' dir='ltr'><strong>dixisset,</strong></span> <span class='ocrx_word' id='word_1_27' title='bbox 713 823 872 915; x_wconf 83' lang='lat' dir='ltr'><strong>profecto</strong></span> <span class='ocrx_word' id='word_1_28' title='bbox 887 823 1106 914; x_wconf 84' lang='lat' dir='ltr'><strong>ineptissimus</strong></span> <span class='ocrx_word' id='word_1_29' title='bbox 1122 822 1246 890; x_wconf 86' lang='lat' dir='ltr'><strong>fuisset.</strong></span> <span class='ocrx_word' id='word_1_30' title='bbox 1256 824 1355 892; x_wconf 61' lang='lat' dir='ltr'><strong>⁴Nam</strong></span> 
     </span>
     <span class='ocr_line' id='line_1_6' title="bbox 244 925 1356 1016; baseline -0.001 -23"><span class='ocrx_word' id='word_1_31' title='bbox 244 947 332 1016; x_wconf 87' lang='lat' dir='ltr'><strong>quae</strong></span> <span class='ocrx_word' id='word_1_32' title='bbox 354 925 416 994; x_wconf 88' lang='lat' dir='ltr'><strong>diis</strong></span> <span class='ocrx_word' id='word_1_33' title='bbox 441 933 693 1012; x_wconf 87' lang='lat' dir='ltr'><strong>consecrantur,</strong></span> <span class='ocrx_word' id='word_1_34' title='bbox 734 928 860 1016; x_wconf 38' lang='lat' dir='ltr'><strong>aliqua,</strong></span> <span class='ocrx_word' id='word_1_35' title='bbox 871 935 964 996; x_wconf 89' lang='lat' dir='ltr'><strong>certe</strong></span> <span class='ocrx_word' id='word_1_36' title='bbox 983 949 1021 994; x_wconf 86' lang='lat' dir='ltr'><strong>re</strong></span> <span class='ocrx_word' id='word_1_37' title='bbox 1041 925 1274 994; x_wconf 83' lang='lat' dir='ltr'>memorabilia</span> <span class='ocrx_word' id='word_1_38' title='bbox 1294 925 1356 992; x_wconf 90' lang='lat' dir='ltr'><strong>sint</strong></span> 
     </span>
     <span class='ocr_line' id='line_1_7' title="bbox 242 1027 1354 1122; baseline 0 -26"><span class='ocrx_word' id='word_1_39' title='bbox 242 1051 377 1097; x_wconf 88' lang='lat' dir='ltr'><strong>neeesse</strong></span> <span class='ocrx_word' id='word_1_40' title='bbox 402 1036 459 1096; x_wconf 90' lang='lat' dir='ltr'><strong>est.</strong></span> <span class='ocrx_word' id='word_1_41' title='bbox 517 1029 623 1117; x_wconf 89' lang='lat' dir='ltr'><strong>Atqui</strong></span> <span class='ocrx_word' id='word_1_42' title='bbox 645 1030 733 1122; x_wconf 90' lang='lat' dir='ltr'><strong>lapis</strong></span> <span class='ocrx_word' id='word_1_43' title='bbox 756 1028 985 1121; x_wconf 82' lang='lat' dir='ltr'><strong>magnitudine</strong></span> <span class='ocrx_word' id='word_1_44' title='bbox 1013 1029 1169 1120; x_wconf 84' lang='lat' dir='ltr'><strong>exiguus,</strong></span> <span class='ocrx_word' id='word_1_45' title='bbox 1202 1027 1354 1118; x_wconf 90' lang='lat' dir='ltr'><strong>pondere</strong></span> 
     </span>
     <span class='ocr_line' id='line_1_8' title="bbox 241 1128 1355 1224; baseline -0.001 -26"><span class='ocrx_word' id='word_1_46' title='bbox 241 1131 341 1216; x_wconf 82' lang='lat' dir='ltr'><strong>levis,</strong></span> <span class='ocrx_word' id='word_1_47' title='bbox 373 1132 613 1199; x_wconf 78' lang='lat' dir='ltr'><strong>monimentum</strong></span> <span class='ocrx_word' id='word_1_48' title='bbox 639 1131 756 1200; x_wconf 85' lang='lat' dir='ltr'><strong>fuisset</strong></span> <span class='ocrx_word' id='word_1_49' title='bbox 782 1131 1003 1224; x_wconf 89' lang='lat' dir='ltr'><strong>tantomagis</strong></span> <span class='ocrx_word' id='word_1_50' title='bbox 1029 1131 1226 1214; x_wconf 90' lang='lat' dir='ltr'><strong>ridiculum,</strong></span> <span class='ocrx_word' id='word_1_51' title='bbox 1261 1128 1355 1219; x_wconf 90' lang='lat' dir='ltr'><strong>quod</strong></span> 
     </span>
     <span class='ocr_line' id='line_1_9' title="bbox 242 1233 1356 1318; baseline 0 -16"><span class='ocrx_word' id='word_1_52' title='bbox 242 1257 264 1302; x_wconf 86' lang='lat' dir='ltr'><strong>a</strong></span> <span class='ocrx_word' id='word_1_53' title='bbox 281 1234 356 1303; x_wconf 89' lang='lat' dir='ltr'><strong>viris</strong></span> <span class='ocrx_word' id='word_1_54' title='bbox 375 1236 500 1302; x_wconf 85' lang='lat' dir='ltr'><strong>robore</strong></span> <span class='ocrx_word' id='word_1_55' title='bbox 513 1243 546 1301; x_wconf 92' lang='lat' dir='ltr'><strong>et</strong></span> <span class='ocrx_word' id='word_1_56' title='bbox 558 1235 679 1303; x_wconf 86' lang='lat' dir='ltr'><strong>virtute</strong></span> <span class='ocrx_word' id='word_1_57' title='bbox 693 1233 970 1318; x_wconf 63' lang='lat' dir='ltr'><strong>excellentissimis</strong></span> <span class='ocrx_word' id='word_1_58' title='bbox 985 1236 1250 1305; x_wconf 87' lang='lat' dir='ltr'><strong>consecrabatur.</strong></span> <span class='ocrx_word' id='word_1_59' title='bbox 1275 1235 1356 1302; x_wconf 84' lang='lat' dir='ltr'><strong>Hoc</strong></span> 
     </span>
     <span class='ocr_line' id='line_1_10' title="bbox 239 1333 1350 1428; baseline 0.001 -24"><span class='ocrx_word' id='word_1_60' title='bbox 239 1336 429 1428; x_wconf 83' lang='lat' dir='ltr'><strong>intelligere</strong></span> <span class='ocrx_word' id='word_1_61' title='bbox 450 1337 598 1406; x_wconf 89' lang='lat' dir='ltr'><strong>debebat</strong></span> <span class='ocrx_word' id='word_1_62' title='bbox 617 1339 719 1407; x_wconf 90' lang='lat' dir='ltr'><strong>etiam</strong></span> <span class='ocrx_word' id='word_1_63' title='bbox 732 1337 951 1428; x_wconf 91' lang='lat' dir='ltr'><strong>Apollonius,</strong></span> <span class='ocrx_word' id='word_1_64' title='bbox 977 1337 1035 1426; x_wconf 92' lang='lat' dir='ltr'><strong>qui</strong></span> <span class='ocrx_word' id='word_1_65' title='bbox 1052 1339 1077 1405; x_wconf 92' lang='lat' dir='ltr'><strong>si</strong></span> <span class='ocrx_word' id='word_1_66' title='bbox 1097 1333 1277 1427; x_wconf 87' lang='lat' dir='ltr'><strong>Orpheum</strong></span> <span class='ocrx_word' id='word_1_67' title='bbox 1298 1359 1350 1405; x_wconf 89' lang='lat' dir='ltr'><strong>re·</strong></span> 
     </span>
     <span class='ocr_line' id='line_1_11' title="bbox 239 1428 1353 1534; baseline -0.001 -27"><span class='ocrx_word' id='word_1_68' title='bbox 239 1439 489 1531; x_wconf 86' lang='lat' dir='ltr'><strong>prehendisset,</strong></span> <span class='ocrx_word' id='word_1_69' title='bbox 531 1441 626 1529; x_wconf 92' lang='lat' dir='ltr'><strong>qnod</strong></span> <span class='ocrx_word' id='word_1_70' title='bbox 651 1441 678 1508; x_wconf 92' lang='lat' dir='ltr'><strong>is</strong></span> <span class='ocrx_word' id='word_1_71' title='bbox 699 1464 804 1534; x_wconf 81' lang='lat' dir='ltr'><strong>graue</strong></span> <span class='ocrx_word' id='word_1_72' title='bbox 830 1463 945 1509; x_wconf 86' lang='lat' dir='ltr'><strong>saxum</strong></span> <span class='ocrx_word' id='word_1_73' title='bbox 971 1428 1207 1524; x_wconf 80' lang='lat' dir='ltr'><strong>memorasset,</strong></span> <span class='ocrx_word' id='word_1_74' title='bbox 1247 1441 1353 1508; x_wconf 93' lang='lat' dir='ltr'><strong>multo</strong></span> 
     </span>
     <span class='ocr_line' id='line_1_12' title="bbox 59 1542 1354 1641; baseline -0.002 -30"><span class='ocrx_word' id='word_1_75' title='bbox 59 1623 64 1630; x_wconf 27' lang='grc' dir='ltr'>ι</span> <span class='ocrx_word' id='word_1_76' title='bbox 239 1543 348 1634; x_wconf 88' lang='lat' dir='ltr'><strong>magis</strong></span> <span class='ocrx_word' id='word_1_77' title='bbox 368 1543 442 1634; x_wconf 88' lang='lat' dir='ltr'><strong>ipse</strong></span> <span class='ocrx_word' id='word_1_78' title='bbox 463 1545 508 1610; x_wconf 93' lang='lat' dir='ltr'><strong>ob</strong></span> <span class='ocrx_word' id='word_1_79' title='bbox 529 1544 627 1612; x_wconf 89' lang='lat' dir='ltr'><strong>istam</strong></span> <span class='ocrx_word' id='word_1_80' title='bbox 647 1545 946 1635; x_wconf 89' lang='lat' dir='ltr'><strong>reprehensionem</strong></span> <span class='ocrx_word' id='word_1_81' title='bbox 965 1542 1080 1641; x_wconf 86' lang='lat' dir='ltr'><strong>fuisset</strong></span> <span class='ocrx_word' id='word_1_82' title='bbox 1099 1542 1354 1634; x_wconf 86' lang='lat' dir='ltr'><strong>reprehenden-</strong></span> 
     </span>
     <span class='ocr_line' id='line_1_13' title="bbox 108 1644 1352 1736; baseline -0.002 -22"><span class='ocrx_word' id='word_1_83' title='bbox 108 1655 115 1682; x_wconf 91' lang='lat'><em>&#39;</em></span> <span class='ocrx_word' id='word_1_84' title='bbox 240 1646 313 1714; x_wconf 90' lang='lat' dir='ltr'><strong>dus.</strong></span> <span class='ocrx_word' id='word_1_85' title='bbox 365 1647 513 1714; x_wconf 88' lang='lat' dir='ltr'><strong>Tantum</strong></span> <span class='ocrx_word' id='word_1_86' title='bbox 535 1670 615 1714; x_wconf 85' lang='lat' dir='ltr'><strong>vero</strong></span> <span class='ocrx_word' id='word_1_87' title='bbox 637 1646 749 1734; x_wconf 87' lang='lat' dir='ltr'><strong>abest,</strong></span> <span class='ocrx_word' id='word_1_88' title='bbox 779 1657 816 1715; x_wconf 94' lang='lat' dir='ltr'><strong>ut</strong></span> <span class='ocrx_word' id='word_1_89' title='bbox 836 1646 872 1713; x_wconf 94' lang='lat' dir='ltr'><strong>id</strong></span> <span class='ocrx_word' id='word_1_90' title='bbox 892 1644 1055 1732; x_wconf 85' lang='lat' dir='ltr'><strong>voluerit,</strong></span> <span class='ocrx_word' id='word_1_91' title='bbox 1085 1654 1123 1715; x_wconf 93' lang='lat' dir='ltr'><strong>ut</strong></span> <span class='ocrx_word' id='word_1_92' title='bbox 1139 1646 1247 1736; x_wconf 91' lang='lat' dir='ltr'><strong>magis</strong></span> <span class='ocrx_word' id='word_1_93' title='bbox 1268 1667 1352 1718; x_wconf 90' lang='lat' dir='ltr'><strong>con-</strong></span> 
     </span>
     <span class='ocr_line' id='line_1_14' title="bbox 239 1745 1352 1840; baseline 0.002 -24"><span class='ocrx_word' id='word_1_94' title='bbox 239 1749 350 1817; x_wconf 88' lang='lat' dir='ltr'><strong>firmet</strong></span> <span class='ocrx_word' id='word_1_95' title='bbox 364 1746 498 1840; x_wconf 89' lang='lat' dir='ltr'><strong>Orphei</strong></span> <span class='ocrx_word' id='word_1_96' title='bbox 510 1750 740 1834; x_wconf 84' lang='lat' dir='ltr'><strong>narrationem.</strong></span> <span class='ocrx_word' id='word_1_97' title='bbox 791 1751 879 1819; x_wconf 91' lang='lat' dir='ltr'><strong>Naui</strong></span> <span class='ocrx_word' id='word_1_98' title='bbox 897 1771 1001 1837; x_wconf 92' lang='lat' dir='ltr'><strong>quum</strong></span> <span class='ocrx_word' id='word_1_99' title='bbox 1019 1771 1096 1818; x_wconf 91' lang='lat' dir='ltr'><strong>eum</strong></span> <span class='ocrx_word' id='word_1_100' title='bbox 1109 1749 1261 1838; x_wconf 88' lang='lat' dir='ltr'><strong>lapidem</strong></span> <span class='ocrx_word' id='word_1_101' title='bbox 1268 1745 1352 1820; x_wconf 78' lang='grc' dir='ltr'><strong><em>’όλί-</em></strong></span> 
     </span>
     <span class='ocr_line' id='line_1_15' title="bbox 238 1850 1353 1946; baseline -0.007 -22"><span class='ocrx_word' id='word_1_102' title='bbox 238 1879 304 1946; x_wconf 72' lang='grc' dir='ltr'><strong>νον</strong></span> <span class='ocrx_word' id='word_1_103' title='bbox 335 1850 443 1925; x_wconf 79' lang='grc' dir='ltr'><strong><em>λίθον</em></strong></span> <span class='ocrx_word' id='word_1_104' title='bbox 466 1862 586 1937; x_wconf 87' lang='lat' dir='ltr'><strong>vocat,</strong></span> <span class='ocrx_word' id='word_1_105' title='bbox 620 1873 689 1920; x_wconf 92' lang='lat' dir='ltr'><strong>non</strong></span> <span class='ocrx_word' id='word_1_106' title='bbox 707 1852 815 1921; x_wconf 83' lang='lat' dir='ltr'><strong>voluit</strong></span> <span class='ocrx_word' id='word_1_107' title='bbox 836 1853 996 1944; x_wconf 82' lang='lat' dir='ltr'><strong>exiguum</strong></span> <span class='ocrx_word' id='word_1_108' title='bbox 1015 1851 1180 1943; x_wconf 82' lang='lat' dir='ltr'><strong>intelligi,</strong></span> <span class='ocrx_word' id='word_1_109' title='bbox 1203 1850 1353 1919; x_wconf 92' lang='lat' dir='ltr'><strong>sednon</strong></span> 
     </span>
     <span class='ocr_line' id='line_1_16' title="bbox 200 1952 1353 2046; baseline -0.001 -24"><span class='ocrx_word' id='word_1_110' title='bbox 200 1999 201 2002; x_wconf 57' lang='lat'><em>=</em></span> <span class='ocrx_word' id='word_1_111' title='bbox 238 1954 314 2035; x_wconf 82' lang='lat' dir='ltr'><strong>satis</strong></span> <span class='ocrx_word' id='word_1_112' title='bbox 336 1977 494 2046; x_wconf 82' lang='lat' dir='ltr'><strong>gravem,</strong></span> <span class='ocrx_word' id='word_1_113' title='bbox 525 1965 563 2024; x_wconf 92' lang='lat' dir='ltr'><strong>ut</strong></span> <span class='ocrx_word' id='word_1_114' title='bbox 584 1964 727 2024; x_wconf 86' lang='lat' dir='ltr'><strong>ancorae</strong></span> <span class='ocrx_word' id='word_1_115' title='bbox 750 1955 852 2023; x_wconf 83' lang='lat' dir='ltr'><strong>instar</strong></span> <span class='ocrx_word' id='word_1_116' title='bbox 874 1978 943 2023; x_wconf 91' lang='lat' dir='ltr'><strong>esse</strong></span> <span class='ocrx_word' id='word_1_117' title='bbox 960 1964 1083 2046; x_wconf 90' lang='lat' dir='ltr'><strong>posset.</strong></span> <span class='ocrx_word' id='word_1_118' title='bbox 1133 1955 1253 2042; x_wconf 85' lang='lat' dir='ltr'><strong>ltaque</strong></span> <span class='ocrx_word' id='word_1_119' title='bbox 1282 1952 1353 2021; x_wconf 87' lang='lat' dir='ltr'><strong>hoc</strong></span> 
     </span>
     <span class='ocr_line' id='line_1_17' title="bbox 237 2055 1352 2150; baseline -0.001 -27"><span class='ocrx_word' id='word_1_120' title='bbox 237 2055 337 2142; x_wconf 87' lang='lat' dir='ltr'><strong>dicit,</strong></span> <span class='ocrx_word' id='word_1_121' title='bbox 362 2057 529 2149; x_wconf 87' lang='lat' dir='ltr'><strong>lapidem,</strong></span> <span class='ocrx_word' id='word_1_122' title='bbox 555 2081 718 2150; x_wconf 85' lang='lat' dir='ltr'><strong>magnum</strong></span> <span class='ocrx_word' id='word_1_123' title='bbox 738 2059 877 2147; x_wconf 89' lang='lat' dir='ltr'><strong>quidem</strong></span> <span class='ocrx_word' id='word_1_124' title='bbox 905 2066 939 2126; x_wconf 91' lang='lat' dir='ltr'><strong>et</strong></span> <span class='ocrx_word' id='word_1_125' title='bbox 958 2081 1116 2150; x_wconf 83' lang='lat' dir='ltr'><strong>gravem,</strong></span> <span class='ocrx_word' id='word_1_126' title='bbox 1141 2056 1259 2145; x_wconf 92' lang='lat' dir='ltr'><strong>utqui</strong></span> <span class='ocrx_word' id='word_1_127' title='bbox 1286 2075 1352 2147; x_wconf 91' lang='lat' dir='ltr'><strong>pro</strong></span> 
     </span>
     <span class='ocr_line' id='line_1_18' title="bbox 200 2149 1352 2250; baseline -0.002 -24"><span class='ocrx_word' id='word_1_128' title='bbox 200 2149 207 2160; x_wconf 54' lang='lat'><strong><em>¹</em></strong></span> <span class='ocrx_word' id='word_1_129' title='bbox 238 2182 362 2230; x_wconf 88' lang='lat' dir='ltr'><strong>ancora</strong></span> <span class='ocrx_word' id='word_1_130' title='bbox 387 2183 558 2250; x_wconf 89' lang='lat' dir='ltr'><strong>eousque</strong></span> <span class='ocrx_word' id='word_1_131' title='bbox 577 2161 708 2248; x_wconf 83' lang='lat' dir='ltr'><strong>luisset,</strong></span> <span class='ocrx_word' id='word_1_132' title='bbox 734 2162 794 2242; x_wconf 88' lang='lat' dir='ltr'><strong>sed</strong></span> <span class='ocrx_word' id='word_1_133' title='bbox 817 2185 885 2230; x_wconf 92' lang='lat' dir='ltr'><strong>uon</strong></span> <span class='ocrx_word' id='word_1_134' title='bbox 906 2163 982 2229; x_wconf 89' lang='lat' dir='ltr'><strong>satis</strong></span> <span class='ocrx_word' id='word_1_135' title='bbox 1000 2170 1112 2229; x_wconf 88' lang='lat' dir='ltr'><strong>tamen</strong></span> <span class='ocrx_word' id='word_1_136' title='bbox 1131 2159 1293 2227; x_wconf 86' lang='lat' dir='ltr'><strong>idoneum</strong></span> <span class='ocrx_word' id='word_1_137' title='bbox 1306 2158 1352 2225; x_wconf 93' lang='lat' dir='ltr'><strong>ad</strong></span> 
     </span>
     <span class='ocr_line' id='line_1_19' title="bbox 236 2261 1350 2354; baseline -0.002 -24"><span class='ocrx_word' id='word_1_138' title='bbox 236 2261 357 2331; x_wconf 85' lang='lat' dir='ltr'><strong>naveni</strong></span> <span class='ocrx_word' id='word_1_139' title='bbox 384 2266 481 2354; x_wconf 86' lang='lat' dir='ltr'><strong>Argo</strong></span> <span class='ocrx_word' id='word_1_140' title='bbox 497 2265 722 2350; x_wconf 86' lang='lat' dir='ltr'><strong>retinendam,</strong></span> <span class='ocrx_word' id='word_1_141' title='bbox 749 2266 894 2334; x_wconf 91' lang='lat' dir='ltr'><strong>solutum</strong></span> <span class='ocrx_word' id='word_1_142' title='bbox 915 2268 958 2334; x_wconf 93' lang='lat' dir='ltr'><strong>ab</strong></span> <span class='ocrx_word' id='word_1_143' title='bbox 974 2264 1115 2333; x_wconf 90' lang='lat' dir='ltr'><strong>rudente</strong></span> <span class='ocrx_word' id='word_1_144' title='bbox 1133 2270 1167 2329; x_wconf 88' lang='lat' dir='ltr'><strong>et</strong></span> <span class='ocrx_word' id='word_1_145' title='bbox 1188 2261 1233 2328; x_wconf 93' lang='lat' dir='ltr'><strong>ad</strong></span> <span class='ocrx_word' id='word_1_146' title='bbox 1247 2263 1350 2330; x_wconf 89' lang='lat' dir='ltr'><strong>Arta·</strong></span> 
     </span>
     <span class='ocr_line' id='line_1_20' title="bbox 236 2361 1350 2461; baseline -0.004 -26"><span class='ocrx_word' id='word_1_147' title='bbox 236 2361 329 2435; x_wconf 86' lang='lat' dir='ltr'><strong>oium·</strong></span> <span class='ocrx_word' id='word_1_148' title='bbox 345 2366 475 2434; x_wconf 84' lang='lat' dir='ltr'><strong>fontem</strong></span> <span class='ocrx_word' id='word_1_149' title='bbox 489 2369 532 2435; x_wconf 91' lang='lat' dir='ltr'><strong>ab</strong></span> <span class='ocrx_word' id='word_1_150' title='bbox 545 2370 750 2461; x_wconf 85' lang='lat' dir='ltr'><strong>Argonautis</strong></span> <span class='ocrx_word' id='word_1_151' title='bbox 774 2371 1028 2453; x_wconf 86' lang='lat' dir='ltr'><strong>relictumesse,</strong></span> <span class='ocrx_word' id='word_1_152' title='bbox 1055 2366 1210 2458; x_wconf 83' lang='lat' dir='ltr'><strong>graviore</strong></span> <span class='ocrx_word' id='word_1_153' title='bbox 1232 2363 1350 2455; x_wconf 85' lang='lat' dir='ltr'><strong>lapide</strong></span> 
     </span>
     <span class='ocr_line' id='line_1_21' title="bbox 236 2465 1350 2558; baseline -0.004 -21"><span class='ocrx_word' id='word_1_154' title='bbox 236 2469 281 2537; x_wconf 91' lang='lat' dir='ltr'><strong>ad</strong></span> <span class='ocrx_word' id='word_1_155' title='bbox 301 2493 445 2540; x_wconf 88' lang='lat' dir='ltr'><strong>ancorae</strong></span> <span class='ocrx_word' id='word_1_156' title='bbox 466 2471 619 2540; x_wconf 88' lang='lat' dir='ltr'><strong>officium</strong></span> <span class='ocrx_word' id='word_1_157' title='bbox 643 2473 807 2545; x_wconf 86' lang='lat' dir='ltr'><strong>adhibito.</strong></span> <span class='ocrx_word' id='word_1_158' title='bbox 857 2473 976 2558; x_wconf 89' lang='lat' dir='ltr'><strong>ltaque</strong></span> <span class='ocrx_word' id='word_1_159' title='bbox 993 2473 1021 2539; x_wconf 91' lang='lat' dir='ltr'><strong>si</strong></span> <span class='ocrx_word' id='word_1_160' title='bbox 1032 2469 1091 2538; x_wconf 90' lang='lat' dir='ltr'><strong>hic</strong></span> <span class='ocrx_word' id='word_1_161' title='bbox 1108 2469 1194 2536; x_wconf 89' lang='lat' dir='ltr'><strong>alter</strong></span> <span class='ocrx_word' id='word_1_162' title='bbox 1207 2465 1350 2535; x_wconf 90' lang='lat' dir='ltr'><strong>alterum</strong></span> 
     </span>
     <span class='ocr_line' id='line_1_22' title="bbox 122 2567 1349 2662; baseline -0.004 -23"><span class='ocrx_word' id='word_1_163' title='bbox 122 2590 124 2595; x_wconf 81' lang='grc'>’</span> <span class='ocrx_word' id='word_1_164' title='bbox 234 2567 472 2662; x_wconf 87' lang='lat' dir='ltr'><strong>reprehendit,</strong></span> <span class='ocrx_word' id='word_1_165' title='bbox 497 2594 566 2637; x_wconf 94' lang='lat' dir='ltr'><strong>non</strong></span> <span class='ocrx_word' id='word_1_166' title='bbox 578 2573 790 2661; x_wconf 85' lang='lat' dir='ltr'><strong>Apollonius</strong></span> <span class='ocrx_word' id='word_1_167' title='bbox 806 2570 1005 2660; x_wconf 87' lang='lat' dir='ltr'><strong>Orpheum,</strong></span> <span class='ocrx_word' id='word_1_168' title='bbox 1031 2569 1092 2636; x_wconf 90' lang='lat' dir='ltr'><strong>sed</strong></span> <span class='ocrx_word' id='word_1_169' title='bbox 1113 2568 1273 2660; x_wconf 87' lang='lat' dir='ltr'><strong>Orpheus</strong></span> <span class='ocrx_word' id='word_1_170' title='bbox 1298 2570 1349 2637; x_wconf 85' lang='lat' dir='ltr'><strong>vi-</strong></span> 
     </span>
     <span class='ocr_line' id='line_1_23' title="bbox 233 2670 1348 2768; baseline -0.003 -28"><span class='ocrx_word' id='word_1_171' title='bbox 233 2674 402 2763; x_wconf 82' lang='lat' dir='ltr'><strong>tuperavit</strong></span> <span class='ocrx_word' id='word_1_172' title='bbox 422 2673 652 2768; x_wconf 89' lang='lat' dir='ltr'><strong>Apollonium.</strong></span> <span class='ocrx_word' id='word_1_173' title='bbox 711 2674 800 2741; x_wconf 93' lang='lat' dir='ltr'><strong>Nam</strong></span> <span class='ocrx_word' id='word_1_174' title='bbox 819 2672 1038 2761; x_wconf 89' lang='lat' dir='ltr'><strong>Apollonius,</strong></span> <span class='ocrx_word' id='word_1_175' title='bbox 1064 2670 1101 2736; x_wconf 92' lang='lat' dir='ltr'><strong>id</strong></span> <span class='ocrx_word' id='word_1_176' title='bbox 1129 2671 1348 2759; x_wconf 90' lang='lat' dir='ltr'><strong>quodmodo</strong></span> 
     </span>
     <span class='ocr_line' id='line_1_24' title="bbox 233 2773 1348 2867; baseline -0.001 -24"><span class='ocrx_word' id='word_1_177' title='bbox 233 2774 393 2860; x_wconf 80' lang='lat' dir='ltr'><strong>vidimus,</strong></span> <span class='ocrx_word' id='word_1_178' title='bbox 418 2797 488 2843; x_wconf 92' lang='lat' dir='ltr'><strong>non</strong></span> <span class='ocrx_word' id='word_1_179' title='bbox 505 2784 626 2866; x_wconf 85' lang='lat' dir='ltr'><strong>neget,</strong></span> <span class='ocrx_word' id='word_1_180' title='bbox 652 2798 792 2867; x_wconf 84' lang='lat' dir='ltr'><strong>gravem</strong></span> <span class='ocrx_word' id='word_1_181' title='bbox 806 2775 906 2842; x_wconf 85' lang='lat' dir='ltr'><strong>fuisse</strong></span> <span class='ocrx_word' id='word_1_182' title='bbox 919 2773 1070 2865; x_wconf 86' lang='lat' dir='ltr'><strong>lapidem</strong></span> <span class='ocrx_word' id='word_1_183' title='bbox 1084 2773 1193 2859; x_wconf 92' lang='lat' dir='ltr'><strong>istum,</strong></span> <span class='ocrx_word' id='word_1_184' title='bbox 1219 2776 1348 2865; x_wconf 91' lang='lat' dir='ltr'><strong>quippe</strong></span> 
     </span>
     <span class='ocr_line' id='line_1_25' title="bbox 234 2876 1349 2969; baseline -0.002 -23"><span class='ocrx_word' id='word_1_185' title='bbox 234 2901 337 2968; x_wconf 92' lang='lat' dir='ltr'><strong>quem</strong></span> <span class='ocrx_word' id='word_1_186' title='bbox 353 2900 418 2968; x_wconf 88' lang='lat' dir='ltr'><strong>pro</strong></span> <span class='ocrx_word' id='word_1_187' title='bbox 436 2899 560 2946; x_wconf 84' lang='lat' dir='ltr'><strong>ancora</strong></span> <span class='ocrx_word' id='word_1_188' title='bbox 579 2901 755 2969; x_wconf 87' lang='lat' dir='ltr'><strong>usurpasse</strong></span> <span class='ocrx_word' id='word_1_189' title='bbox 772 2882 984 2969; x_wconf 82' lang='lat' dir='ltr'><strong>Argonautas</strong></span> <span class='ocrx_word' id='word_1_190' title='bbox 1005 2877 1136 2946; x_wconf 88' lang='lat' dir='ltr'><strong>scribat.</strong></span> <span class='ocrx_word' id='word_1_191' title='bbox 1189 2876 1349 2969; x_wconf 88' lang='lat' dir='ltr'><strong>Orpheus</strong></span> 
     </span>
     <span class='ocr_line' id='line_1_26' title="bbox 234 2974 1348 3073; baseline -0.004 -23"><span class='ocrx_word' id='word_1_192' title='bbox 234 2999 322 3051; x_wconf 56' lang='lat' dir='ltr'><strong>verox</strong></span> <span class='ocrx_word' id='word_1_193' title='bbox 336 2983 364 3049; x_wconf 91' lang='lat' dir='ltr'><strong>si</strong></span> <span class='ocrx_word' id='word_1_194' title='bbox 390 3003 530 3070; x_wconf 88' lang='lat' dir='ltr'><strong>quaeras</strong></span> <span class='ocrx_word' id='word_1_195' title='bbox 560 3002 620 3051; x_wconf 88' lang='lat' dir='ltr'><strong>eur</strong></span> <span class='ocrx_word' id='word_1_196' title='bbox 645 2974 751 3050; x_wconf 85' lang='lat' dir='ltr'><strong>aliter</strong></span> <span class='ocrx_word' id='word_1_197' title='bbox 768 2983 865 3048; x_wconf 91' lang='lat' dir='ltr'><strong>istam</strong></span> <span class='ocrx_word' id='word_1_198' title='bbox 896 3003 985 3065; x_wconf 91' lang='lat' dir='ltr'><strong>rem,</strong></span> <span class='ocrx_word' id='word_1_199' title='bbox 1017 3003 1120 3068; x_wconf 89' lang='lat' dir='ltr'><strong>quam</strong></span> <span class='ocrx_word' id='word_1_200' title='bbox 1145 2982 1348 3073; x_wconf 92' lang='lat' dir='ltr'><strong>Apollonius</strong></span> 
     </span>
     <span class='ocr_line' id='line_1_27' title="bbox 233 3083 1347 3176; baseline -0.004 -23"><span class='ocrx_word' id='word_1_201' title='bbox 233 3086 432 3170; x_wconf 85' lang='lat' dir='ltr'><strong>narraverit,</strong></span> <span class='ocrx_word' id='word_1_202' title='bbox 458 3083 542 3173; x_wconf 92' lang='lat' dir='ltr'><strong>quid</strong></span> <span class='ocrx_word' id='word_1_203' title='bbox 568 3083 661 3151; x_wconf 87' lang='lat' dir='ltr'><strong>aliud</strong></span> <span class='ocrx_word' id='word_1_204' title='bbox 687 3085 968 3176; x_wconf 89' lang='lat' dir='ltr'><strong>respondeamus,</strong></span> <span class='ocrx_word' id='word_1_205' title='bbox 1004 3107 1106 3173; x_wconf 88' lang='lat' dir='ltr'><strong>quam</strong></span> <span class='ocrx_word' id='word_1_206' title='bbox 1137 3085 1347 3175; x_wconf 89' lang='lat' dir='ltr'><strong>displicuisse</strong></span> 
     </span>
     <span class='ocr_line' id='line_1_28' title="bbox 235 3185 1347 3281; baseline -0.004 -26"><span class='ocrx_word' id='word_1_207' title='bbox 235 3189 267 3255; x_wconf 92' lang='lat' dir='ltr'><strong>ei</strong></span> <span class='ocrx_word' id='word_1_208' title='bbox 287 3188 439 3278; x_wconf 90' lang='lat' dir='ltr'><strong>ineptum</strong></span> <span class='ocrx_word' id='word_1_209' title='bbox 458 3185 529 3255; x_wconf 88' lang='lat' dir='ltr'><strong>hoe</strong></span> <span class='ocrx_word' id='word_1_210' title='bbox 551 3199 796 3273; x_wconf 86' lang='lat' dir='ltr'><strong>commentum,</strong></span> <span class='ocrx_word' id='word_1_211' title='bbox 823 3210 891 3276; x_wconf 91' lang='lat' dir='ltr'><strong>quo</strong></span> <span class='ocrx_word' id='word_1_212' title='bbox 912 3193 1146 3281; x_wconf 80' lang='lat' dir='ltr'><strong>Argonautae,</strong></span> <span class='ocrx_word' id='word_1_213' title='bbox 1179 3197 1247 3255; x_wconf 87' lang='lat' dir='ltr'><strong>tam</strong></span> <span class='ocrx_word' id='word_1_214' title='bbox 1269 3187 1347 3252; x_wconf 93' lang='lat' dir='ltr'><strong>lon-</strong></span> 
     </span>
     <span class='ocr_line' id='line_1_29' title="bbox 232 3290 1347 3382; baseline -0.004 -24"><span class='ocrx_word' id='word_1_215' title='bbox 232 3313 318 3382; x_wconf 90' lang='lat' dir='ltr'><strong>gum</strong></span> <span class='ocrx_word' id='word_1_216' title='bbox 346 3299 379 3358; x_wconf 93' lang='lat' dir='ltr'><strong>et</strong></span> <span class='ocrx_word' id='word_1_217' title='bbox 407 3290 634 3380; x_wconf 87' lang='lat' dir='ltr'><strong>periculosum</strong></span> <span class='ocrx_word' id='word_1_218' title='bbox 657 3292 720 3359; x_wconf 91' lang='lat' dir='ltr'><strong>iter</strong></span> <span class='ocrx_word' id='word_1_219' title='bbox 745 3293 937 3378; x_wconf 90' lang='lat' dir='ltr'><strong>molientes,</strong></span> <span class='ocrx_word' id='word_1_220' title='bbox 981 3314 1049 3359; x_wconf 90' lang='lat' dir='ltr'><strong>non</strong></span> <span class='ocrx_word' id='word_1_221' title='bbox 1075 3302 1167 3360; x_wconf 89' lang='lat' dir='ltr'><strong>recte</strong></span> <span class='ocrx_word' id='word_1_222' title='bbox 1203 3312 1347 3373; x_wconf 86' lang='lat' dir='ltr'><strong>ancorae</strong></span> 
     </span>
    </p>

    <p class='ocr_par' dir='ltr' id='par_1_4' title="bbox 194 3393 678 3486">
     <span class='ocr_line' id='line_1_30' title="bbox 194 3393 678 3486; baseline 0 -26"><span class='ocrx_word' id='word_1_223' title='bbox 194 3415 195 3419; x_wconf 70' lang='grc'>’</span> <span class='ocrx_word' id='word_1_224' title='bbox 231 3393 443 3486; x_wconf 82' lang='lat' dir='ltr'><strong>prospexisse</strong></span> <span class='ocrx_word' id='word_1_225' title='bbox 464 3393 678 3462; x_wconf 83' lang='lat' dir='ltr'><strong>dicerentur?</strong></span> 
     </span>
    </p>
   </div>
   <div class='ocr_carea' id='block_1_4' title="bbox 232 3562 1345 3753">
    <p class='ocr_par' dir='ltr' id='par_1_5' title="bbox 232 3562 1345 3742">
     <span class='ocr_line' id='line_1_31' title="bbox 336 3562 1345 3662; baseline -0.006 -27"><span class='ocrx_word' id='word_1_226' title='bbox 336 3565 513 3636; x_wconf 85' lang='lat' dir='ltr'><strong>Secundus</strong></span> <span class='ocrx_word' id='word_1_227' title='bbox 529 3562 664 3655; x_wconf 91' lang='lat' dir='ltr'><strong>Orphei</strong></span> <span class='ocrx_word' id='word_1_228' title='bbox 685 3565 800 3649; x_wconf 78' lang='lat' dir='ltr'><strong>loeuS,</strong></span> <span class='ocrx_word' id='word_1_229' title='bbox 825 3588 894 3653; x_wconf 94' lang='lat' dir='ltr'><strong>quo</strong></span> <span class='ocrx_word' id='word_1_230' title='bbox 908 3565 1198 3662; x_wconf 84' lang='lat' dir='ltr'><strong>Koenigsmannus</strong></span> <span class='ocrx_word' id='word_1_231' title='bbox 1214 3573 1345 3632; x_wconf 89' lang='lat' dir='ltr'><strong>senten-</strong></span> 
     </span>
     <span class='ocr_line' id='line_1_32' title="bbox 232 3665 964 3753; baseline 0.003 -18"><span class='ocrx_word' id='word_1_232' title='bbox 232 3668 313 3736; x_wconf 84' lang='lat' dir='ltr'><strong>tiam</strong></span> <span class='ocrx_word' id='word_1_233' title='bbox 328 3692 422 3737; x_wconf 92' lang='lat' dir='ltr'><strong>suam</strong></span> <span class='ocrx_word' id='word_1_234' title='bbox 435 3670 522 3736; x_wconf 89' lang='lat' dir='ltr'><strong>tueri</strong></span> <span class='ocrx_word' id='word_1_235' title='bbox 538 3668 665 3753; x_wconf 88' lang='lat' dir='ltr'><strong>studet,</strong></span> <span class='ocrx_word' id='word_1_236' title='bbox 690 3668 750 3742; x_wconf 84' lang='lat' dir='ltr'><strong>hic</strong></span> <span class='ocrx_word' id='word_1_237' title='bbox 766 3679 815 3736; x_wconf 89' lang='lat' dir='ltr'><strong>est</strong></span> <span class='ocrx_word' id='word_1_238' title='bbox 829 3693 861 3736; x_wconf 87' lang='lat' dir='ltr'><strong>v.</strong></span> <span class='ocrx_word' id='word_1_239' title='bbox 878 3665 964 3737; x_wconf 82' lang='grc'><strong>859.</strong></span> 
     </span>
    </p>
   </div>
   <div class='ocr_carea' id='block_1_5' title="bbox 335 3803 1289 4126">
    <p class='ocr_par' dir='ltr' id='par_1_6' title="bbox 335 3803 1274 4106">
     <span class='ocr_line' id='line_1_33' title="bbox 647 3803 1178 3924; baseline -0.009 -46"><span class='ocrx_word' id='word_1_240' title='bbox 647 3803 781 3924; x_wconf 58' lang='grc' dir='ltr'><strong><em>Φρίξον</em></strong></span> <span class='ocrx_word' id='word_1_241' title='bbox 796 3811 897 3889; x_wconf 84' lang='grc' dir='ltr'><strong><em>καΐς,</em></strong></span> <span class='ocrx_word' id='word_1_242' title='bbox 924 3804 966 3878; x_wconf 89' lang='grc' dir='ltr'><strong><em>όν</em></strong></span> <span class='ocrx_word' id='word_1_243' title='bbox 983 3812 1019 3878; x_wconf 88' lang='grc' dir='ltr'><strong>οἱ</strong></span> <span class='ocrx_word' id='word_1_244' title='bbox 1039 3807 1178 3880; x_wconf 80' lang='grc' dir='ltr'><strong>ἔτικτεν</strong></span> 
     </span>
     <span class='ocr_line' id='line_1_34' title="bbox 335 3895 1289 4004; baseline -0.006 -26"><span class='ocrx_word' id='word_1_245' title='bbox 335 3895 545 4004; x_wconf 74' lang='grc' dir='ltr'><em>Χαλκιόπη·</em></span> <span class='ocrx_word' id='word_1_246' title='bbox 567 3907 620 4000; x_wconf 78' lang='grc' dir='ltr'><strong>τῷ</strong></span> <span class='ocrx_word' id='word_1_247' title='bbox 645 3933 713 4000; x_wconf 81' lang='grc' dir='ltr'><strong>γαρ</strong></span> <span class='ocrx_word' id='word_1_248' title='bbox 737 3908 957 3998; x_wconf 77' lang='grc' dir='ltr'><strong><em>παρελέξατο</em></strong></span> <span class='ocrx_word' id='word_1_249' title='bbox 977 3902 1147 4000; x_wconf 81' lang='grc' dir='ltr'><strong><em>πατρός</em></strong></span> <span class='ocrx_word' id='word_1_250' title='bbox 1133 3906 1289 3998; x_wconf 81' lang='grc' dir='ltr'><strong><em>σ’νοῖκιι,</em></strong></span> 
     </span>
     <span class='ocr_line' id='line_1_35' title="bbox 335 4000 1232 4126; baseline -0.003 -46"><span class='ocrx_word' id='word_1_251' title='bbox 335 4006 429 4105; x_wconf 79' lang='grc' dir='ltr'><strong><em>ηνίχ’</em></strong></span> <span class='ocrx_word' id='word_1_252' title='bbox 457 4007 547 4106; x_wconf 73' lang='grc' dir='ltr'><strong>ὑπὲρ</strong></span> <span class='ocrx_word' id='word_1_253' title='bbox 576 4003 697 4082; x_wconf 82' lang='grc' dir='ltr'><strong><em>νότων</em></strong></span> <span class='ocrx_word' id='word_1_254' title='bbox 718 4035 821 4104; x_wconf 78' lang='lat' dir='ltr'><strong>upton</strong></span> <span class='ocrx_word' id='word_1_255' title='bbox 809 4003 1026 4098; x_wconf 82' lang='grc' dir='ltr'><strong><em>”Κόλχοισι</em></strong></span> <span class='ocrx_word' id='word_1_256' title='bbox 1049 4000 1232 4126; x_wconf 74' lang='grc' dir='ltr'><strong><em>πελάσθη·</em></strong></span> 
     </span>
    </p>
   </div>
   <div class='ocr_carea' id='block_1_6' title="bbox 187 4143 519 4215">
    <p class='ocr_par' dir='ltr' id='par_1_7' title="bbox 187 4143 519 4215">
     <span class='ocr_line' id='line_1_36' title="bbox 187 4143 519 4215; baseline 0.003 -4"><span class='ocrx_word' id='word_1_257' title='bbox 187 4151 361 4215; x_wconf 71' lang='grc' dir='ltr'><strong><em>12οῐιιιοκ</em></strong></span> <span class='ocrx_word' id='word_1_258' title='bbox 381 4168 413 4212; x_wconf 84' lang='lat' dir='ltr'><strong>v.</strong></span> <span class='ocrx_word' id='word_1_259' title='bbox 432 4143 519 4213; x_wconf 85' lang='grc'><strong>869.</strong></span> 
     </span>
    </p>
   </div>
   <div class='ocr_carea' id='block_1_7' title="bbox 333 4271 1344 4380">
    <p class='ocr_par' dir='ltr' id='par_1_8' title="bbox 333 4271 1344 4380">
     <span class='ocr_line' id='line_1_37' title="bbox 333 4271 1344 4380; baseline -0.005 -24"><span class='ocrx_word' id='word_1_260' title='bbox 333 4276 520 4379; x_wconf 74' lang='grc' dir='ltr'><strong><em>τικραγόςο</em></strong></span> <span class='ocrx_word' id='word_1_261' title='bbox 538 4282 693 4376; x_wconf 75' lang='grc' dir='ltr'><strong><em>θέμενος</em></strong></span> <span class='ocrx_word' id='word_1_262' title='bbox 710 4275 847 4380; x_wconf 76' lang='grc' dir='ltr'><strong><em>σπόρον</em></strong></span> <span class='ocrx_word' id='word_1_263' title='bbox 865 4278 1007 4370; x_wconf 78' lang='grc' dir='ltr'><strong><em>αὔλακι,</em></strong></span> <span class='ocrx_word' id='word_1_264' title='bbox 1021 4271 1088 4353; x_wconf 79' lang='grc' dir='ltr'><strong><em>τόν</em></strong></span> <span class='ocrx_word' id='word_1_265' title='bbox 1104 4277 1139 4378; x_wconf 81' lang='grc' dir='ltr'><strong>ῤ’</strong></span> <span class='ocrx_word' id='word_1_266' title='bbox 1155 4273 1344 4373; x_wconf 78' lang='grc' dir='ltr'><strong><em>ἐκόμισσεν</em></strong></span> 
     </span>
    </p>
   </div>
   <div class='ocr_carea' id='block_1_8' title="bbox 0 0 1564 5030">
    <p class='ocr_par' dir='ltr' id='par_1_9' title="bbox 0 0 1564 5030">
     <span class='ocr_line' id='line_1_38' title="bbox 0 0 1564 5030; baseline 0 6"><span class='ocrx_word' id='word_1_267' title='bbox 0 0 1564 5030; x_wconf 95' lang='lat' dir='ltr'><strong> </strong></span> 
     </span>
    </p>
   </div>
  </div>
 </body>
</html>
