3120 5030
272 364 316 426 88
358 358 414 418 DE
439 354 644 430 LEGIBVS
672 349 950 433 Qvlnvsnnu
977 346 1354 414 svnu1n10uunvs

274 535 440 622 τιιιλιΐν,
470 526 643 600 manifesto
663 523 800 596 vitiosus
828 532 878 594 est
898 520 1084 614 optativus,
1115 519 1209 592 utin
1230 543 1269 592 re
1288 527 1382 594 certo

179 691 180 696 ε
273 635 396 706 futuro.

144 724 148 733 ¹
291 757 294 764 ’
376 733 541 824 Reliquae
553 738 627 802 sunt
642 729 730 800 dune
745 729 831 800 aliae
851 726 1013 848 loquendi
1030 725 1179 810 formae,
1205 721 1384 812 dequibus

274 838 433 912 monendi
453 838 576 906 tirones
596 833 670 906 sint.
721 833 797 901 Vna
817 833 961 904 cernitur
980 830 1015 898 in
1033 822 1251 921 particulis*
1228 851 1292 900 οτε
1315 819 1382 918 μή,

274 964 414 1035 quarum
444 937 601 1030 exemplo
618 935 706 1006 lmec
726 943 801 1004 sunt
820 933 914 1026 apud
934 933 1139 1002 Homerum.
1170 930 1213 1004 ll.
1240 955 1271 1003 ν.
1296 927 1381 996 311.

134 1101 138 1124 ι
276 1039 364 1120 ainai
386 1049 424 1116 οἱ
442 1046 615 1170 luceium,
640 1031 753 1166 μιίίαη
756 1037 823 1133 ulo
838 1035 1009 1129 μεμαῶτι
1027 1021 1233 1130 μιίχεσθαι,
1259 1029 1383 1104 ιιείνιον

274 1141 462 1264 νικήσαντι
482 1143 589 1263 με’νοι
610 1138 670 1212 ιιαί
695 1145 815 1236 χεῖρας
838 1132 1022 1226 ἀάπτους,
1062 1137 1149 1260 νῆας
1177 1133 1382 1251 ἐνιπρῆσαι,

274 1247 339 1324 ὅτι
368 1273 419 1342 μη
449 1237 558 1324 αὐτός
585 1269 626 1336 με
656 1240 840 1361 Κρονίων
858 1232 1013 1334 εμβείλοι
1042 1231 1243 1330 αἰθόμενον
1273 1227 1384 1308 doddo

273 1343 398 1446 νηέοσι
417 1344 559 1441 θοῇσιν.
586 1353 613 1428 ε
635 1341 720 1412 241.
741 1334 875 1465 Ζηνοε
876 1338 913 1416 δ
928 1338 992 1414 οοίι
1007 1337 1053 1414 ἄν
1045 1336 1387 1462 ιίγιομεΙζηιονίονοι

275 1447 389 1526 ἆσσον
411 1447 569 1542 ἱκοίμην,
609 1441 693 1520 οὐδὲ
720 1437 997 1566 κατευνήσαιμ’,
1038 1437 1102 1516 ὅτε
1124 1468 1199 1561 μη
1211 1433 1323 1520 αὐτός
1345 1463 1386 1529 με

275 1537 1149 1670 ιιείειίοι.οι1.ιτ.1116.οομαριιιοςοίνθνητόι
1175 1535 1269 1661 ηίνήρ
1295 1533 1387 1614 τοίδε

275 1645 529 1777 μηχανόῳτο
516 1646 545 1722 ui
570 1646 685 1724 αὐτοῦ
698 1676 740 1744 με
759 1641 846 1744 νόῳ,
872 1643 935 1722 ὅτε
956 1639 1009 1741 μή
1032 1639 1119 1727 oric
1145 1637 1253 1723 αὐτοι
1278 1645 1386 1717 ιιιελ-

277 1749 357 1830 cdv
379 1750 517 1877 ῥηϊδίως
538 1753 672 1826 editur
694 1749 777 1849 θείη
800 1751 882 1825 νίον
905 1745 948 1869 ηέ
938 1749 1129 1843 γέροντα.
1143 1767 1204 1874 νη.
1224 1741 1310 1812 184.
1332 1741 1389 1822 uis

278 1858 321 1932 δέ
334 1882 402 1950 μοι
417 1852 546 1928 ἄλλοσε
531 1853 787 1977 ,θῆνείίχοες
812 1845 968 1973 ηαλειιὸν
990 1851 1032 1924 δέ
1042 1877 1102 1924 ιιεν
1120 1876 1193 1947 ειη,
1218 1875 1280 1920 ιιαι
1271 1839 1386 1940 ”μοίί.

277 1957 503 2084 ἐπισταμένη
525 1954 588 2031 ὅτε
602 1949 656 2049 μή
678 1949 765 2036 θεοὶ·
787 1946 1071 2035 αύτδιειιελθοίν
1087 1949 1229 2049 ῥηιδίως
1251 1949 1387 2024 ἐθέλων

276 2058 363 2156 θείη
378 2058 499 2155 ἄλλη’
482 2058 534 2132 ool
547 2051 653 2155 quipp
703 2059 757 2128 Ex
780 2055 844 2142 his,
860 2077 956 2145 quae
973 2055 1092 2146 paullo
1106 2062 1183 2124 ante
1197 2052 1288 2120 dicte
1301 2057 1390 2134 sunt,

277 2162 382 2231 facile
413 2131 557 2253 intelligi
589 2161 733 2252 poterit,
779 2167 871 2228 recte
907 2155 1076 2227 adhibitos
1110 2179 1180 2225 esse
1212 2153 1389 2246 optativus.

277 2264 395 2336 Nam
385 2287 420 2332 un
442 2263 538 2332 nullo
557 2262 682 2335 hurum
703 2262 857 2332 locorum
878 2235 923 2330 de
943 2284 981 2329 re
1001 2281 1111 2328 sermo
1134 2267 1200 2342 est,
1219 2279 1311 2347 quae
1329 2277 1390 2324 ex-

230 2401 233 2406 *
278 2367 422 2459 spectari
450 2367 572 2458 possit,
611 2365 707 2434 sed
696 2388 732 2433 ιιι
758 2364 914 2451 omnibns
937 2363 1076 2455 fingitur
1107 2361 1253 2451 aliquid,
1285 2358 1391 2448 idque

276 2471 365 2557 tale,
405 2469 501 2559 quod
534 2477 730 2539 eventurum
762 2491 833 2538 esse
873 2487 918 2536 ne
957 2465 1118 2536 credibile
1157 2463 1295 2555 quidem
1337 2461 1388 2530 sit

278 2571 510 2656 Quamobrem
523 2572 646 2655 miror,
671 2568 766 2659 quod
780 2567 1016 2653 Thierschius‚
1042 2568 1125 2636 dum
1144 2588 1268 2658 anceps
1289 2563 1391 2632 enimi

279 2672 409 2763 pendet
427 2694 463 2763 p.
481 2670 517 2739 Β.
534 2672 680 2760 denique
695 2692 738 2740 eo
756 2670 910 2756 inclinat,
935 2678 973 2739 ut
995 2669 1123 2760 ubique
1141 2668 1391 2740 coniunctivnm

234 2776 405 2866 toreponi
422 2773 513 2842 velit.
535 2791 538 2821 ¹
565 2773 658 2859 Quas
679 2773 822 2842 rationes
844 2771 961 2858 affert,
988 2795 1103 2842 earum
1123 2774 1252 2865 prima,
1293 2769 1392 2860 quod

277 2899 343 2969 per
357 2873 421 2952 ὅτε
436 2874 584 2944 conditio
604 2876 786 2961 indicetm,
811 2898 879 2964 qua
896 2875 1051 2960 tollatur,
1069 2875 1172 2964 ‘quod
1195 2879 1392 2967 praecesse-

124 2981 149 3002 *
277 2980 339 3064 rit,
377 3001 514 3047 canon
541 2977 642 3047 video
666 2999 826 3068 quorsum
854 2977 983 3048 valeat:
1016 3001 1095 3046 narn
1123 2978 1197 3046 telis
1228 2976 1390 3060 conditio,

277 3080 383 3151 modo
405 3073 459 3176 μῆ
481 3079 649 3150 adiectum
663 3082 720 3167 sit,
755 3080 880 3166 aderit,
914 3081 1118 3171 quicumque
1146 3081 1242 3149 verbi
1266 3079 1391 3148 modus

278 3183 496 3252 adhibeatm:
520 3183 626 3252 altera
648 3194 777 3268 autem,
803 3183 898 3273 quod
912 3183 1114 3275 Apollonius
1128 3182 1304 3267 Rhodius,
1330 3181 1391 3271 qui

276 3286 402 3375 ubique
416 3285 559 3354 Homeri
576 3287 716 3377 vestigia
734 3286 846 3378 legat,
869 3287 1096 3356 coniunctivae
1118 3286 1204 3354 tueri
1224 3285 1390 3372 videatur,

276 3411 346 3458 non
367 3409 434 3456 uno
455 3409 496 3454 ex
523 3395 620 3478 parte
643 3387 787 3456 laborat.
849 3389 999 3458 Primum
1029 3389 1118 3458 enim
1137 3396 1267 3458 tantum
1285 3389 1391 3471 abest,

147 3551 150 3568 .
199 3515 201 3522 ⁴
276 3501 314 3562 ut
328 3489 529 3582 Apollonius
546 3487 703 3560 Rhodius
723 3491 912 3558 Homerum
931 3492 1057 3580 ubique
1079 3500 1242 3577 sectetm‚
1267 3499 1304 3558 ut
1318 3488 1390 3558 eius

277 3596 385 3662 oratio
408 3594 452 3661 ub
473 3593 657 3664 Homerica
668 3593 790 3662 mirum
808 3601 970 3682 quantum
990 3593 1172 3685 discrepet:
1198 3593 1244 3664 de
1263 3614 1331 3683 qua
1351 3613 1392 3658 re

241 3683 257 3777 *x
277 3697 336 3786 qui
355 3695 473 3788 plura,
506 3718 609 3784 quam
634 3719 723 3785 quae
746 3695 856 3764 obiter
883 3696 1039 3788 inspectis
1067 3697 1238 3786 utriusque
1262 3701 1389 3787 poetae

277 3798 476 3866 carminibus
498 3799 702 3880 occurrerint
722 3797 845 3866 afferre
867 3800 982 3884 velit,.
999 3800 1075 3868 rutis
1095 3821 1258 3890 magnum
1284 3797 1391 3889 possit

166 3897 168 3904 ’
277 3900 402 3968 librum
433 3900 654 3978 conscribere.
712 3899 845 3968 Deinde
873 3901 965 3988 (non
995 3902 1084 3970 eninr
1109 3901 1279 3972 contendo
1300 3898 1392 3970 nibil

279 4000 501 4092 Apollonium
522 3993 564 4070 ex
588 4001 742 4070 Homero
765 3999 930 4087 hausisse,
962 4002 1023 4072 sed
1049 4005 1102 4073 aio
1132 4004 1296 4095 plurimu)
1328 4008 1390 4086 est,

278 4104 337 4172 nbi
356 4102 532 4193 Apollonii
550 4104 727 4176 auctoritas
748 4102 876 4194 aliquid
895 4105 1047 4176 conferat
1069 4106 1114 4174 ed
1135 4107 1279 4176 Homeri
1291 4126 1392 4174 usum

261 4204 570 4296 'cognoscendum
597 4216 647 4275 est
661 4200 749 4284 x'aero
775 4209 893 4293 etiam,
918 4209 977 4276 ubi
997 4208 1081 4291 nihil
1094 4209 1243 4279 utilitatis
1255 4209 1392 4294 efferat,

153 4315 155 4320 ’
279 4307 360 4398 quia
374 4307 433 4386 ille
447 4325 515 4375 non
531 4307 657 4397 ubique
677 4317 770 4380 recte
783 4309 973 4412 Homerum
991 4308 1113 4383 imitari
1123 4312 1264 4384 videtur.
1314 4311 1393 4382 lle-
