3078 5026
439 295 666 410 ususvno
691 343 989 409 ιιιιιιιιιιιι.
1197 349 1271 414 ιω

155 520 233 605 bot,
256 514 417 608 quonium
436 516 473 586 in
494 539 649 587 sermone
669 517 762 588 duee·
772 525 904 586 tontum
918 537 1091 588 mensurae
1106 541 1268 613 usurpan-

153 630 227 708 tur,
265 621 405 690 insulis
434 620 582 713 duplicis
612 643 788 692 mensurae
815 622 1025 698 rouehtihus
1056 625 1272 706 ccnsistebut3

154 724 348 815 rhythmico
380 733 511 846 sutem,
551 746 639 814 quoe
667 723 713 792 od
746 734 882 794 cnutum
922 726 1127 817 pertinebat,
1166 749 1272 818 quum

154 849 385 898 mensurarum
410 829 573 896 maiorem
604 826 755 897 hsbsbut
784 827 995 915 vorietstem,
1029 837 1102 900 tum
1129 830 1274 920 pedibus

156 933 313 1002 utebatur
332 940 366 1000 et
385 930 459 1000 eliis
483 939 518 1000 et
543 932 641 999 oliter
659 931 868 1000 consociatis.
916 931 1002 1000 Inde
1017 933 1176 1004 metricos
1197 933 1274 1002 ortis

154 1035 317 1128 propriae
342 1033 563 1127 perbibntur
581 1031 823 1125 productiones
850 1034 1147 1126 correptionesque
1169 1036 1273 1126 syllo-

153 1139 294 1222 burum,
328 1147 363 1208 ot
382 1137 611 1230 longitud'mes
632 1159 673 1207 oc
695 1137 888 1218 brevitatem
913 1137 1127 1228 rhythmicae
1149 1148 1272 1224 autem,

153 1241 328 1310 ιιιιιὶιιιιαε
350 1265 391 1313 oc
413 1241 611 1313 celeritates.
662 1240 752 1309 Νιιιι
777 1240 986 1332 Porphyrius
1006 1263 1043 1332 p.
1058 1241 1145 1311 399.
1168 1243 1196 1310 si
1217 1242 1273 1314 cui

154 1344 395 1438 productiones
413 1345 620 1435 syllabarum
640 1351 675 1412 et
690 1344 925 1436 correptiones
941 1345 987 1413 orl
1000 1344 1200 1435 rhythmum
1210 1365 1273 1416 're-

154 1450 245 1517 ferre
271 1448 442 1534 rideatur,
482 1446 570 1516 nihil
595 1446 659 1516 nisi
691 1447 919 1541 negligentius
950 1448 1046 1538 lorpri
1074 1449 1273 1540 scriptorem

153 1551 271 1637 illum,
301 1551 420 1622 ordine
440 1551 548 1620 minus
572 1552 768 1636 observato,
799 1561 835 1620 et
864 1573 917 1622 res
939 1551 1031 1642 ipss,
1068 1561 1103 1621 et
1129 1553 1273 1620 oliorum

155 1654 358 1746 scriptorum
379 1655 467 1742 loci,
492 1665 531 1724 ιι
551 1653 722 1724 Mannelis
743 1654 905 1744 Bryennii
925 1677 963 1748 p.
981 1651 1069 1724 5⁰2.
1091 1665 1125 1724 et
1145 1654 1273 1724 Suidse

153 1757 191 1826 in
218 1779 250 1826 ι.
273 1751 416 1857 ῥυθμός
422 1813 437 1848 ,
472 1758 606 1840 :docere
628 1764 799 1852 poterunt.
856 1759 952 1843 Quot
976 1765 1090 1828 tutem
1111 1757 1273 1829 meroensis

151 1860 340 1950 rhythmici
359 1862 411 1930 usi
430 1861 509 1948 sint,
550 1883 620 1930 non
646 1870 695 1932 est
718 1861 878 1932 sodium
901 1862 945 1932 ab
969 1863 1119 1952 antiquis
1183 1863 1273 1988 Napi

151 1963 309 2034 -Arisudis
332 1911 527 2050 Qumiliali
548 1967 654 2034 verbu
675 1989 713 2058 p
731 1964 794 2034 33.
819 1959 996 2048 σιίνθιτοι
1020 1967 1097 2040 δί’
1078 1991 1159 2040 soso
1181 1958 1274 2062 χρό-

154 2083 236 2194 ιρι,
264 2095 284 2140 o
275 2065 532 2190 θιαιριίσθαι
554 2063 774 2161 δυνάμενος·
800 2062 944 2142 τσιίτωι
959 2067 1037 2143 δι
1016 2094 1036 2142 o
1054 2068 1123 2161 μὲν
1138 2072 1272 2141 διπλα-

155 2167 243 2243 σίων
257 2169 418 2244 ε’στὶτοιί
423 2163 599 2300 πριίτσρ·
627 2168 718 2260 ocii,
726 2170 981 2294 τριπλασίων·
1008 2168 1105 2261 ὅδὲ,
1134 2195 1273 2290 τιτρα-

87 2343 91 2350 ,
152 2271 334 2345 πλασίων·
382 2272 492 2368 μέχρι
521 2265 591 2368 ιιίρ
622 2265 798 2368 τετράδος
825 2269 1062 2376 πριῆλθιν“
1041 2299 1061 2344 o
1093 2265 1274 2368 ριιθμιιιός

151 2367 303 2469 χρόνος,
337 2395 457 2442 vereor
475 2397 520 2442 ue
539 2374 666 2465 puriter
689 2384 792 2463 atque
812 2397 870 2458 ec,
894 2397 982 2463 quse
995 2374 1180 2442 Martianus
1201 2373 1270 2441 Οι-
1278 2379 1301 2443 5

150 2475 310 2568 pellop.
333 2473 420 2544 199.
447 2476 545 2562 dicit,
571 2475 618 2544 od
635 2476 696 2542 illa
710 2473 915 2568 pertineant,
941 2497 1029 2565 quoe
1050 2475 1143 2546 idem
1155 2475 1267 2544 Aristi

154 2578 217 2646 des
233 2574 358 2668 p.145.
382 2587 416 2647 et
436 2579 630 2649 scholiastes
654 2577 918 2672 Hephaestionis
942 2603 978 2670 p.
1000 2577 1061 2648 98
1085 2579 1210 2669 Quo
1230 2577 1276 2648 de

153 2681 292 2770 syllabis
313 2682 481 2751 vomlium
505 2681 676 2775 pondere,
722 2683 1042 2770 consonantiamque
1063 2681 1276 2752 multitudine

154 2785 265 2876 magis
293 2785 444 2854 minusve
466 2787 595 2872 auctis,
634 2785 731 2854 nimis
753 2786 911 2876 profecto
941 2786 1123 2865 subtiliter,
1157 2785 1276 2878 dispu-

155 2895 236 2956 tant
275 2887 389 2958 'Certe
405 2911 475 2958 non
491 2897 539 2958 est
562 2891 626 2958 isto
649 2889 839 2959 observatio
862 2889 908 2958 de
929 2912 1026 2958 eure
1041 2889 1274 2982 intelligendo,

157 2990 203 3059 de
222 3013 290 3081 quo
312 2992 443 3061 disserit
464 2992 682 3062 Aristoxenus
713 2993 749 3060 in
778 2992 820 3061 fr.
848 2991 999 3083 rhythm.
1030 3015 1066 3084 p.
1098 2993 1185 3062 288.
1215 2991 1275 3081 qui

155 3092 229 3186 ipse
249 3095 315 3162 alio
340 3096 453 3164 omnia
475 3096 606 3217 potius,
639 3118 743 3186 quarn
762 3095 890 3185 perlem
913 3095 1102 3186 simplicem
1125 3117 1194 3164 non
1213 3094 1275 3164 nisi
1368 3153 1371 3170 .

157 3219 200 3264 cx
223 3207 382 3287 quattuor
401 3201 505 3268 moris
528 3206 680 3269 constare
706 3199 799 3268 dicit
849 3199 1016 3288 Loquitur
1040 3200 1100 3268 ille
1126 3199 1171 3268 de
1191 3221 1275 3292 per·

156 3286 246 3370 tibus
265 3301 381 3424 pedis,
407 3302 473 3370 arsi
490 3311 529 3371 et
546 3301 649 3389 thesi,
681 3323 826 3391 quorum
846 3301 965 3372 dicit
954 3325 990 3370 ιιι
1011 3302 1103 3395 pede
1121 3300 1275 3395 simplici

156 3423 226 3472 non
253 3406 315 3474 nisi
335 3413 511 3495 quattuor,
552 3405 636 3474 duos
663 3403 792 3493 theses,
831 3407 1041 3496 totidemque
1076 3429 1164 3476 orsos
1189 3427 1275 3476 con·

156 3506 274 3600 iungi:
318 3509 414 3598 quod
444 3509 544 3578 etium
571 3507 702 3596 Psellus
731 3533 768 3602 p.
796 3508 884 3584 391
923 3510 1108 3580 confirmet.
1159 3509 1276 3578 ¹Verbo

156 3609 363 3698 Aristoxeni,
389 3613 512 3702 quibus
537 3591 720 3682 emendetis
734 3613 784 3679 uti
796 3619 960 3702 praestat,
984 3609 1074 3680 haec
1092 3620 1181 3680 suut·
1206 3610 1276 3683 sori

159 3712 199 3786 δι
214 3709 416 3808 λαμβάνειν
437 3741 505 3787 τον
529 3707 625 3787 πόδα
648 3710 756 3786 πλείω
783 3741 856 3787 των
874 3707 940 3790 ooo
961 3719 1111 3813 σημεῖα,
1137 3741 1186 3786 τα
1201 3739 1274 3806 μι-

158 3816 251 3935 ιίθιρ
266 3818 339 3892 sois
357 3817 478 3891 ποδῶν
494 3816 700 3890 αἰτιατέον·
721 3821 764 3889 οἱ
752 3839 847 3937 γαρ
869 3809 1041 3899 ἐλάττους
1054 3817 1128 3890 τείν
1141 3817 1273 3940 ποδρῖν,

158 3913 420 4048 ιιίιιιρίληπτοι
440 3920 488 4018 τῇ
514 3913 686 4016 αἰσθήσει
715 3947 760 3994 το
752 3912 975 4014 μίγεθοι”
952 3945 1115 4010 excusse,
1142 3914 1274 3993 ια’σιίν-

158 4021 270 4094 οιττοί
301 4026 371 4096 εἰσι
395 4022 455 4096 sul
483 4017 546 4097 δια
572 4023 647 4096 τιὸν
678 4015 744 4097 δύο
773 4022 947 4120 σημείων·
990 4027 1040 4098 οἱ.
1054 4022 1093 4097 δε
1120 4016 1275 4116 μεγάλοι

4 4139 6 4148 ’
157 4119 378 4199 τσύιισιιτίον
398 4120 626 4200 πιπόιθασι·
659 4125 938 4250 δριπιρίληπτον
953 4118 1023 4223 ιιίρ
1037 4125 1084 4224 τῇ
1105 4119 1277 4221 αἰσθήσει

159 4251 203 4299 το
228 4229 425 4322 μίγεθος”’
404 4253 561 4320 ιχοντει,
595 4221 771 4302 πλειόνων
800 4229 947 4302 δέονται
968 4229 1144 4353 σημείων
1183 4226 1277 4309 ὅπως
1333 4303 1345 4340 s

162 4327 213 4412 sic
238 4329 348 4408 πλιίω
376 4333 470 4434 μέρη
493 4331 683 4432 διαιρεθὲν
711 4357 756 4406 τα
784 4329 854 4406 τοῦ
879 4327 967 4406 ὅλοι
989 4327 1099 4417 cocos
1120 4331 1276 4429 μίιεθιι
