3120 5030
269 375 313 438 44
353 371 412 432 DE
439 369 643 431 suctuve
673 361 954 446 QVIB'VSDAM
983 371 1349 438 svu'rrmontuvs

269 543 368 635 posui
383 536 511 642 ἑστήκῃ
527 563 592 635 pro
605 536 764 639 ἑστήκει,
791 541 884 632 quod
905 544 932 610 si
956 563 1112 632 praesens
1124 545 1218 613 verbi
1242 540 1382 642 ἑστήκω

270 655 373 730 esset,
399 645 480 713 ferri
493 654 620 736 posset:
646 644 707 716 sed
726 667 793 714 non
808 655 858 714 est
873 646 935 713 ita:
960 667 1063 734 quare
1080 646 1116 712 in
1131 647 1379 716 coniunctivum

269 757 415 818 mutetur
436 738 572 818 necesse
598 757 655 817 est.
727 747 918 817 Fortuitum
960 747 1047 816 enim
1082 753 1147 834 est,
1179 751 1277 817 statui
1317 773 1383 821 co-

268 853 425 918 lumnam.
477 851 537 922 Sic
552 851 654 919 etiam
671 848 740 919 Od.
760 877 792 940 γ
816 847 903 918 468.
932 850 1164 937 scribendum,
1190 847 1340 933 oicri'q
1317 849 1380 926 στ’

176 965 184 986 ’
269 981 316 1026 αν
336 981 357 1049 η
346 952 499 1043 *erixias
524 951 797 1075 τανυσίπτεροι,
824 949 865 1050 rit
881 953 1064 1026 πέλειαι”
1043 977 1137 1049 εριιει
1154 948 1376 1074 ἐνιπλήξωσι,

268 1050 374 1130 τόδ
393 1049 522 1152 ἑστήκῃ
537 1055 588 1129 ἐνὶ
605 1048 753 1148 θαμνφι
778 1057 838 1124 ubi
861 1057 951 1124 bona
963 1055 1125 1142 lectione,
1151 1078 1252 1145 quam
1268 1057 1378 1148 prima
1445 1057 1449 1066 '

206 1185 211 1200 ·
267 1180 384 1226 manus
406 1157 441 1224 in
461 1157 538 1226 cod.
564 1157 661 1226 Harl.
688 1156 871 1243 offerebat,
897 1159 944 1237 uti
965 1158 1112 1228 nesciens
1134 1159 1380 1245 Porsonus‚in

267 1283 430 1351 magnum
458 1283 606 1329 errorem
625 1259 750 1330 incidit.
806 1261 1007 1349 Eodemque
1031 1261 1135 1328 modo
1163 1263 1205 1330 ll.
1231 1266 1261 1336 δ.
1290 1259 1379 1385 482.

268 1356 426 1457 αἰγειρόι
443 1359 508 1444 ὥς,
540 1390 562 1460 η
549 1356 684 1461 ”poi
652 1391 675 1434 τ
708 1367 746 1436 ἐν
771 1366 919 1459 ειάμενῃ
906 1364 1030 1444 ’ἕλεσι
1044 1358 1218 1458 μεγάλοιο
1238 1359 1379 1461 πεφύιιη

269 1465 500 1550 scribendum,
534 1488 603 1534 non
625 1458 786 1559 πεφύκει.
842 1466 1041 1555 imperfecti
1072 1467 1176 1553 enim,
1217 1467 1378 1556 quodque

203 1587 206 1594 ’
270 1567 392 1636 eodem
405 1568 511 1654 redit,
532 1569 856 1688 plusquamperfecti
877 1591 954 1638 usus
974 1570 1008 1638 in
1026 1569 1147 1638 talibus
1175 1570 1259 1639 iocis
1274 1571 1378 1661 plane

269 1680 494 1739 monstmosus
521 1671 626 1755 foret,
653 1672 781 1769 quippe
804 1694 874 1759 quo
900 1681 991 1741 certa
1019 1672 1191 1762 praeteriti
1215 1673 1379 1764 temporis

269 1795 348 1865 pars
372 1772 612 1894 designaretur.
662 1774 768 1859 Quod
794 1774 883 1868 fugit
903 1775 1144 1844 Thierschium
1163 1777 1221 1864 qui
1240 1777 1275 1843 in
1303 1776 1379 1865 epi-

147 1927 153 1934 .
268 1884 440 1967 metrop.
464 1874 577 1944 ulo·
568 1899 602 1944 ιιι
622 1873 738 1944 hisll.
759 1880 790 1950 λ.
813 1876 955 1946 ite·
927 1877 1006 1959 ωςεί
1029 1904 1072 1950 τι
1092 1877 1262 1972 δαφοινοὶ
1285 1879 1381 1958 θοῖες

243 1974 469 2098 Ίόρεςφιν’
444 2005 525 2100 αμφ
533 1975 704 2073 ’ἔλαφον
728 2005 862 2109 ιιεραρν
891 1978 1181 2103 βεβλημένον,”
1158 2006 1201 2053 ον
1220 2007 1245 2052 τ
1252 1976 1379 2072 ἔβαλ

268 2073 402 2206 ήνήρ
375 2079 419 2151 iai
435 2075 510 2154 οἷπο
524 2080 665 2204 νεορής·
691 2074 758 2155 τόν
780 2082 849 2175 μέν
866 2110 890 2155 τ
894 2079 1020 2179 ’ήλνξε
1036 2076 1207 2154 πόδεσσιν
1223 2075 1376 2176 φεύγων,

268 2177 359 2306 ὄφρ
391 2181 484 2276 αἷμα
517 2177 667 2279 λιαρόν,
714 2182 774 2256 ιια1
802 2178 956 2277 γούνατ’
984 2178 1121 2280 ὀρώρῃ,
1157 2185 1258 2255 scribi
1285 2185 1379 2252 iubet

268 2277 409 2381 ὀρώρει.
460 2286 595 2377 Nempe
610 2286 827 2376 praeteritum
841 2287 1060 2380 praecessisse
1076 2286 1173 2373 dicit,
1198 2287 1289 2355 unde
1310 2309 1379 2355 non

266 2410 337 2456 esse
351 2388 560 2459 coniunctim
577 2391 701 2457 locum.
752 2389 847 2459 Itane
858 2389 964 2459 vero?
988 2389 1115 2475 Immo,
1139 2398 1295 2480 utsupra
1313 2391 1379 2458 ob·

266 2501 448 2560 servatum
455 2501 520 2577 est,
560 2492 596 2559 in
617 2493 923 2584 comparationibus
949 2495 1073 2582 ubique
1101 2495 1319 2582 praeteritum
1344 2503 1378 2561 et

265 2615 421 2682 praesens
441 2595 714 2686 commiscentur,
739 2594 842 2682 idque
863 2596 1031 2684 inprimis
1050 2595 1084 2662 iu
1108 2596 1176 2662 fine
1197 2595 1377 2664 indicando

266 2695 380 2767 locum
410 2691 1103 2784 habet.si011.o.485.meadem‚
1136 2701 1228 2768 cuius
1258 2699 1380 2790 paullo

266 2802 344 2864 aute
368 2798 492 2864 mentio
517 2797 610 2866 facta
633 2806 701 2884 est,
728 2799 996 2890 comparatione,
1022 2794 1090 2898 τήν
1104 2796 1238 2927 γέγηθ’
1259 2799 1377 2925 οἷρμα·

265 2923 422 2996 τοπηγος
438 2892 530 2996 οἷνήρ
551 2900 685 2973 αἴθωνι
702 2894 834 2997 σιδήρῳ
851 2895 1008 2996 ἐξέταμ,
1034 2901 1163 3030 ὄφρα
1148 2905 1229 2975 ἴτον
1248 2898 1376 2999 ιιαμψγγ

265 3000 488 3095 περικαλλέϊ
502 2999 645 3127 δίφρφ
680 2999 816 3076 a-522
845 3005 1083 3130 νεφέλῃσιν
1063 2998 1240 3086 οοιιιότες,
1272 3003 1378 3095 ἅςξτι

265 3101 435 3224 Κρονίων
466 3103 633 3228 νηνεμίης
661 3105 810 3204 ἔστησεν
849 3103 909 3180 ἐπ
943 3100 1199 3235 ἀκροπόλοισιν
1234 3105 1378 3202 ὄρεσσιν

266 3197 448 3297 ἀτρέμας,
474 3206 548 3302 ὄφρ
556 3202 709 3304 εδδησι
729 3209 836 3300 μένος
849 3211 996 3306 Βορέαο
1010 3237 1071 3281 ιιαι
1063 3208 1200 3282 αλλων
1216 3209 1377 3308 ζαχρήαῖν

265 3301 419 3425 ἀνέμων.
471 3282 669 3398 Optativurn
692 3311 741 3378 ibi
764 3321 893 3382 tantum
923 3313 994 3382 hoc
1026 3333 1132 3404 genus
1158 3303 1378 3382 construetio-

263 3431 345 3478 num
369 3408 405 3476 in
430 3411 744 3499 comparationibus
757 3413 873 3502 habet,
898 3416 957 3484 ubi
983 3415 1089 3484 dere
1114 3437 1157 3484 eo
1182 3413 1255 3483 tine
1263 3437 1378 3484 susce-

188 3531 189 3539 *
263 3505 344 3605 pta,
372 3512 516 3602 utquid
541 3513 647 3604 possit
670 3515 758 3601 fieri,
790 3467 910 3609 egitir.
960 3518 1060 3588 lio.
1087 3516 1181 3586 621.
1207 3518 1252 3586 de
1277 3519 1378 3586 leone

263 3623 426 3706 ereptos
433 3617 561 3688 catulos
592 3627 789 3705 quaerente.
828 3613 945 3692 πολλα
973 3615 1083 3693 ot
1043 3647 1066 3691 τ
1111 3647 1197 3713 αγιιε
1203 3617 1377 3717 ’ἐπῆλθε

263 3743 335 3808 μετ
375 3713 501 3815 ανέροι
524 3716 615 3809 ἴχνι
636 3722 811 3818 ἐρευνῶν,
839 3749 870 3796 ει
862 3724 1010 3796 ’ποθεν
1024 3715 1175 3816 sicorim.
1220 3725 1275 3792 Et
1299 3732 1378 3814 post

263 3840 443 3908 praesens,
482 3830 520 3891 ut
543 3821 682 3910 quidem
702 3824 871 3914 rhetores,
902 3825 1082 3915 Dionysius
1102 3825 1379 3898 Halicarnassen-

239 3921 307 3987 ,εἰε
329 3929 362 3988 et
385 3923 641 4016 Hermogenes,
664 3925 844 4018 legebant,
870 3927 911 3993 ll.
936 3954 976 4020 μ,
993 3925 1132 3994 464.
1108 3955 1190 4021 ητε
1204 3922 1377 4022 occuper

264 4022 398 4150 ἔγοοσα
420 4025 481 4096 aui
505 4030 639 4146 εἴριον,
666 4024 779 4123 οέμφ1ς
804 4025 945 4102 οἱνέλιιει
970 4023 1138 4115 ἰσάζονσζ
1165 4041 1225 4106 ἵνα
1250 4031 1378 4104 παισ1ν

265 4119 388 4196 σὶειιιέα
404 4122 586 4218 μισθον
560 4154 706 4227 αροιτο,
726 4130 837 4202 nescio
865 4153 908 4198 an
930 4142 1032 4202 recte.
1083 4133 1156 4202 Sed
1185 4157 1227 4204 ex
1256 4135 1378 4203 eadem

266 4227 498 4309 observatione
524 4243 699 4322 apparet,
709 4244 802 4305 recte
823 4229 974 4304 Ixionem
1002 4235 1116 4310 0d.e
1118 4236 1240 4307 .488.
1271 4239 1378 4330 legis-

265 4352 323 4398 se:
364 4325 410 4412 oie
443 4326 481 4405 δ
513 4328 578 4408 ὅτε
612 4361 668 4417 τιι
693 4332 818 4457 δαλον
838 4335 999 4438 σποδιῇ
996 4341 1179 4439 ἐνένρνψι
1212 4343 1377 4439 mistirio
