3058 5046
241 455 245 472 ·
380 360 620 426 THESAVRI
649 361 987 430 saecularum.
1182 369 1245 436 fil

234 531 431 606 Secundum
455 527 536 604 hoc‘
550 535 638 606 illud
660 557 796 627 quoqne
823 515 997 627 piaeclare
1024 535 1153 608 factum
1184 547 1249 627 est,-

127 638 224 730 quod
244 639 350 708 verba
368 657 437 706 non
455 646 531 706 sunt
546 639 678 730 singula
698 641 744 708 ad
755 641 940 724 litterarum
953 639 1107 710 ordinem
1127 642 1246 736 dispo-

127 745 210 831 sita,
243 743 305 812 sed
322 762 387 832 pro
403 762 463 809 sua
471 763 633 830 quaeque
654 743 785 835 origine
804 742 850 810 ad
871 745 983 833 capita
1003 743 1172 833 quaedam
1187 769 1245 814 re*

127 847 217 931 lata,
242 868 312 933 quo
328 853 363 914 et
384 841 604 912 derivationes
617 845 718 916 facile
738 846 999 936 perspiciantur,
1025 854 1059 914 et
1074 847 1245 937 significa·

127 949 260 1018 tionum
281 946 500 1040 cognationes
524 969 564 1016 ac
583 948 787 1020 diversitates
801 950 911 1046 statim
927 972 994 1018 nno
1014 949 1134 1022 obtutu
1148 973 1245 1020 com·-
1302 940 1312 1006 ἠ

126 1051 297 1144 prehendi
318 1059 451 1140 queant.
503 1048 720 1140 Quamquam
743 1052 810 1122 hac
833 1052 971 1140 quidem
994 1052 1028 1120 in
1051 1061 1149 1143 parte
1171 1053 1246 1122 fieri

127 1178 197 1224 non
217 1154 346 1244 potuit,
372 1162 409 1220 ut
429 1153 488 1220 ille
502 1173 617 1222 omnes
636 1177 792 1224 numeros
806 1156 972 1245 impleret.
1023 1156 1112 1224 Nam
1127 1165 1162 1226 et
1180 1177 1246 1247 per.

126 1283 164 1328 se
185 1257 285 1326 valde
306 1257 467 1347 ambigua
488 1266 537 1324 est
556 1256 644 1326 haec
660 1258 706 1326 dc
729 1258 912 1350 originibus
933 1259 1102 1346 quaestio,
1128 1268 1163 1328 et
1185 1260 1245 1328 ubi

128 1362 234 1432 semel
248 1360 338 1428 hanc
355 1359 441 1427 viam
457 1359 623 1452 ingressus
637 1361 699 1446 sis,
722 1361 863 1430 modum
879 1373 993 1430 tenere
1004 1361 1243 1432 difficillimum

126 1472 189 1534 est.
254 1463 509 1530 Vemmtamen.
523 1461 581 1533 hic
614 1486 752 1552 quoque
781 1449 1056 1555 sapientissimum
1086 1465 1244 1534 admirari

124 1568 205 1636 licet
227 1564 394 1656 Stephani
408 1564 587 1650 iudicium,
614 1568 672 1654 qui
694 1568 895 1656 plerumque
914 1589 983 1637 non
1007 1567 1160 1636 obsoleta
1185 1577 1244 1637 aut

123 1671 206 1740 ficta
219 1671 334 1740 -verba
355 1689 419 1760 pro
438 1666 607 1736 radicibus
629 1671 799 1758 posuerit,
830 1671 891 1738 scd
912 1694 971 1754 ea,
1014 1692 1102 1759 quae
1122 1671 1242 1741 nsitma

124 1781 215 1855 sunt,
241 1781 311 1842 eta
328 1771 448 1860 quibus
471 1770 555 1859 quid
575 1770 762 1841 derivatum
784 1782 886 1860 esset,
912 1773 1014 1844 facile
1033 1773 1156 1863 quivis,
1183 1775 1243 1865 qui

122 1876 235 1944 lexico
258 1875 320 1942 illo
343 1883 506 1959 uteretur,
533 1883 648 1965 posset
668 1877 869 1968 intelligere.
920 1876 1069 1944 Videbat
1093 1877 1181 1946 enim
1206 1879 1242 1946 in

122 1978 232 2052 lexico
262 1977 441 2050 scribendo
463 1977 611 2046 mediam
641 1980 834 2068 quamdam,
847 1980 937 2048 viarn
962 1979 1144 2049 tenendam
1169 2004 1242 2052 esse

122 2083 359 2166 interveram,
392 2078 454 2148 sed
477 2081 587 2171 magis
617 2083 826 2152 reconditam
853 2084 1035 2152 verborum
1062 2083 1242 2174 cognatio-
1298 2095 1304 2107 ’

123 2206 221 2270 nem,
256 2193 290 2254 et
310 2205 405 2265 eam,
439 2204 527 2271 quae
552 2184 704 2251 omnibus
729 2193 848 2274 aperta
872 2193 965 2252 esset.
1018 2185 1130 2268 Quam
1154 2187 1240 2254 viam

122 2288 181 2378 qui
205 2287 351 2364 desemit
371 2285 547 2355 Dammius
569 2285 610 2352 ‹iu
639 2287 750 2354 lexico
776 2287 963 2356 Homerico
988 2294 1021 2355 et
1044 2286 1264 2374 Pindaricql

120 2390 206 2481 quid
226 2388 320 2458 aliud
343 2410 445 2476 quam
466 2393 653 2456 monstrum
662 2389 838 2476 quoddam
853 2388 952 2458 lexici
971 2388 1006 2456 in
1026 2388 1140 2458 lucem
1156 2391 1242 2459 emi-

123 2492 190 2562 sit?
230 2491 302 2564 Sed
325 2511 394 2580 qno
424 2489 595 2560 difficilius
621 2499 686 2576 est,
724 2493 845 2568 iustam
868 2491 1173 2580 rationem'seqni,
1206 2502 1243 2562 et

121 2601 276 2665 neutram
290 2594 325 2662 in
338 2603 471 2687 partem
486 2615 650 2685 peccare,
673 2615 715 2664 eo
733 2594 862 2663 facilius
880 2593 1145 2666 condonabimus
1160 2595 1241 2664 Ste-

121 2699 259 2791 phano,
292 2697 320 2765 si
342 2719 411 2764 non
432 2699 510 2766 satis
531 2699 797 2768 consumemur
821 2697 889 2769 hac
912 2722 949 2768 re
970 2697 1241 2787 deprehenderi-

84 2829 86 2834 ·
120 2825 204 2871 mus.
256 2799 334 2884 sic,
359 2811 397 2868 ut
414 2823 518 2868 unum
540 2799 658 2868 saltem
682 2801 876 2891 exemplum
896 2801 1056 2886 afferam,
1082 2801 1240 2872 disiunxit·

119 2905 180 2974 ille
198 2903 281 2972 locis
306 2905 411 2972 verba
430 2905 570 2996 as'yyaw
586 2910 620 2971 et
638 2897 780 3000 τήκειν,
807 2914 987 2994 quaesunt
1005 2928 1108 2977 unum
1123 2905 1236 2977 idem-

120 3031 188 3100 que
199 3008 342 3080 verbum
359 3006 489 3100 duplici
512 3006 624 3076 forma
637 3019 847 3098 usurpatum,

223 3211 496 3282 Commemoravi
522 3211 611 3281 haec
631 3233 674 3282 eo
695 3213 788 3298 fine,
815 3221 853 3281 nt
873 3210 1027 3281 indicatis
1045 3210 1237 3305 praecipuis

118 3315 294 3385 virtutibus
314 3314 484 3394 Thesauri
501 3311 725 3405 Stephaniani
747 3314 930 3386 distinctius
951 3315 997 3386 de
1021 3317 1237 3407 locupletan-

120 3418 168 3486 do
192 3427 227 3486 et
248 3417 452 3510 corrigendo
476 3439 519 3486 eo
542 3417 653 3488 lexico
674 3419 790 3508 quaeri
808 3427 932 3510 posset.
983 3421 1038 3490 Ac
1061 3419 1236 3488 nonnihil

119 3521 231 3590 mirati
250 3544 378 3604 snmus,
405 3519 489 3610 quid
513 3520 631 3606 fixerit,
657 3520 753 3610 quod
773 3523 950 3608 Editores,
977 3543 1082 3609 quum
1103 3523 1139 3589 in
1161 3521 1236 3612 epi-

120 3624 209 3692 stola
232 3622 278 3692 ad
306 3625 486 3706 lectorem,
524 3646 627 3713 quam
656 3623 789 3692 interim
812 3622 1027 3714 praefationis
1054 3623 1135 3692 loco
1163 3645 1236 3692 ease

118 3727 313 3813 voluerunt,
346 3726 391 3794 de
412 3724 525 3793 multis
554 3726 626 3794 aliis
655 3727 756 3794 rebus
781 3727 949 3808 dicerent,
983 3725 1030 3794 de
1054 3749 1113 3810 ea,
1147 3747 1237 3814 qnae

118 3829 278 3922 primaria
299 3838 388 3914 erat,
410 3827 496 3896 nihil
516 3828 619 3918 plane
643 3827 804 3916 dixerint,
836 3829 897 3898 nisi
918 3826 1004 3916 hoc,
1030 3828 1176 3897 noluisse
1199 3849 1236 3898 ae

117 3932 250 4022 inipso
274 3931 440 4022 Stephani
469 3931 558 4000 libro
592 3931 777 4021 quidquam
806 3942 946 4004 mutare.
1003 3932 1124 4020 Neque
1154 3931 1237 4002 alibi

118 4031 307 4125 quidquam
327 4034 371 4103 de
394 4059 435 4104 ea
455 4035 602 4121 ratione,
639 4057 708 4124 qua
731 4035 853 4122 edituri
878 4041 985 4105 essent
1011 4032 1104 4105 huno
1133 4033 1234 4106 'lhe-

118 4159 274 4222 saurum,
300 4136 344 4204 ab
370 4137 410 4206 iis
432 4137 591 4228 scriptum
616 4138 830 4228 accepimns,
854 4138 916 4214 nisi
939 4135 1035 4227 qnod
1057 4161 1079 4206 a
1099 4138 1178 4208 viris
1199 4147 1234 4209 et

117 4240 204 4309 inter
215 4240 399 4344 populares
415 4260 491 4309 snos
507 4248 542 4308 et
561 4239 655 4329 apud
668 4250 798 4308 exteros
814 4241 999 4310 litterarum
1023 4240 1232 4312 Graecamm

115 4342 255 4416 sciemia
278 4343 396 4430 elaris,
429 4351 468 4412 nt
491 4344 931 4436 commnnIcatentsecnm,
959 4346 993 4414 si
1016 4345 1099 4436 qnid
1121 4344 1231 4414 habe-
