3058 5046
263 325 349 443 22⁴1x
482 319 697 382 CENSVRA
723 318 885 384 NOVAE
913 319 1156 385 liDlTIOlllS
1217 411 1223 416 Ι

265 515 368 566 scere.
419 491 467 562 Et
487 489 556 562 hae
575 491 716 582 quidem
737 491 772 560 in
793 513 832 560 re
851 491 1009 562 Editores
1022 490 1203 564 doctissimi
1216 513 1285 561 non
1307 503 1382 562 sunt

263 598 353 691 passi
370 595 580 688 diligentiam
598 618 694 665 suam
719 594 914 665 desiderari.

366 799 484 870 Maior
501 800 665 870 dubitatio
689 800 734 870 de
755 799 942 870 ordinanda
967 809 1067 890 atque
1088 799 1285 869 adamanda
1310 809 1381 867 tam

265 901 389 972 diffusa
413 906 552 974 materia
570 904 699 973 moveri
720 913 862 996 poterat
913 905 968 974 Ile
990 927 1058 994 qua
1078 927 1116 973 re
1134 905 1283 992 omnium
1305 925 1381 971 ma—

264 1008 352 1076 xime
374 1009 553 1095 vellemus,
587 1007 752 1076 Editores·
768 1009 963 1076 sententiam
984 1031 1077 1075 suam
1099 1029 1177 1078 curn
1198 1003 1380 1076 lectoribus

265 1108 570 1181 ohmmunicassent
622 1110 692 1194 Qui
715 1109 800 1179 nihil
820 1111 930 1200 aliud,
957 1133 1058 1202 quam
1079 1131 1148 1179 non
1163 1119 1292 1192 mutato
1307 1109 1382 1175 ullo
1469 1137 1472 1140 ·

265 1213 430 1304 Stephani
446 1215 551 1282 verbo
565 1213 691 1281 librum
709 1237 743 1283 se
757 1216 876 1305 paullo
898 1215 1017 1282 melius
1032 1215 1231 1305 dispositum
1248 1211 1383 1281 exhibi-

264 1324 358 1386 turos
373 1339 444 1385 esse
463 1317 625 1386 dixerunt
676 1320 730 1390 Ac
747 1319 965 1387 reverentiam
986 1317 1125 1408 quidem
1138 1316 1249 1400 illam,
1276 1337 1381 1403 quam

265 1420 450 1488 tantouiro
468 1419 615 1504 habent,
644 1429 699 1506 ut,
731 1445 819 1510 quae
840 1422 884 1488 ah
905 1421 966 1488 illo
990 1421 1115 1510 scripta
1135 1421 1216 1508 sint,
1236 1427 1382 1485 mutare
1404 1459 1409 1472 ·

265 1523 360 1590 nefas
388 1522 530 1609 ducant,
572 1545 782 1615 magnopere
814 1523 1019 1592 laudandam
1046 1532 1220 1614 putamus:
1259 1523 1382 1589 merito

240 1626 356 1694 danim
370 1624 528 1695 liberille
546 1635 580 1694 et
595 1649 654 1694 sua
668 1628 771 1718 ipsius
792 1627 993 1719 praestantia
1013 1637 1046 1696 et
1065 1628 1170 1717 longa
1186 1624 1332 1692 duorum
1350 1632 1384 1692 et

265 1727 431 1798 dimidiati
453 1730 579 1800 saeculi
607 1731 820 1800 veneratione
841 1730 1023 1819 quamdam
1052 1730 1147 1818 quasi
1173 1729 1383 1798 sanctitatem
1466 1767 1472 1778 ·

265 1831 408 1922 adeptus
424 1840 482 1900 est.
534 1833 648 1899 Tanto
670 1835 779 1925 magis
800 1834 977 1920 miramur,
994 1832 1118 1936 quod,
1145 1831 1202 1919 qui
1222 1829 1312 1899 adeo
1327 1851 1383 1898 re-

263 1935 403 2025 ligiosos
426 1957 461 2002 se
484 1935 560 2001 fore
578 1934 722 2024 professi
746 1944 856 2022 erant,
888 1944 988 2002 utne
1008 1951 1110 2002 unum
1139 1933 1280 2022 quidem
1304 1955 1383 2001 ver·-

265 2037 350 2106 bum
373 2036 538 2127 Stephani
568 2046 699 2106 mutare
728 2039 874 2126 vellent,
921 2037 1032 2105 statim
1055 2040 1091 2105 in
1112 2037 1222 2127 prima
1242 2037 1381 2128 pagina,

266 2140 361 2230 quod
383 2139 442 2210 ille
468 2141 660 2231 scripserat,
709 2139 875 2236 ,ζΑλφα,
910 2149 1046 2232 praeter
1066 2131 1191 2231 figuras
1223 2161 1306 2228 quas
1331 2139 1382 2206 illi

264 2245 301 2312 in
326 2245 438 2312 fronte
467 2241 566 2317 huius
587 2244 735 2335 paginae
758 2244 880 2331 dedi,“
908 2244 956 2314 sic
980 2252 1167 2312 mutarunt:
1208 2240 1381 2337 „utam

265 2355 401 2438 praeter
422 2347 565 2438 figuras,
600 2346 701 2441 [quas
728 2347 773 2414 ad
796 2347 1051 2438 linem-operis,
1083 2368 1161 2416 cum
1194 2343 1381 2438 omnigenis

264 2451 435 2520 literarum
455 2450 610 2519 ductibus
637 2461 672 2531 et
695 2449 922 2540 compendiis,
956 2451 1120 2518 subiectas
1140 2447 1323 2542 videbiS,]“
1348 2455 1383 2516 et

265 2555 383 2642 paucis
400 2555 548 2622 versibus
569 2563 664 2643 post,
691 2554 784 2642 quod
807 2554 982 2643 scripserat
999 2552 1201 2644 Stephanus,
1228 2560 1295 2641 „ut
1317 2551 1381 2617 ali-
1515 2589 1516 2594 ,

267 2656 423 2743 quando,
456 2657 533 2723 Deo
553 2656 704 2743 favente,
743 2657 777 2722 in
808 2678 886 2724 meo
912 2657 958 2724 dc
982 2655 1219 2748 calligraphia
1248 2655 1381 2724 Graeca

265 2757 356 2824 libro
377 2756 547 2845 videbis,“
580 2759 817 2848 omittendum,
850 2770 883 2828 et
904 2761 938 2826 in
961 2759 1227 2828 adnotationibus
1248 2779 1382 2850 ponen-

267 2858 349 2926 dum
363 2867 581 2950 putaverrmt,
609 2885 649 2928 ea
668 2872 794 2949 caussa,
819 2863 956 2950 quodis
978 2863 1143 2954 Stephani
1151 2862 1248 2928 liber
1267 2863 1382 2928 lucem
1514 2879 1515 2922 ι

266 2985 335 3032 ιιοιι
356 2960 499 3030 vidisset
551 2965 597 3032 At
617 2962 772 3032 adnotari
793 2962 880 3034 haec
898 2968 1172 3055 poterantetiam
1188 2964 1298 3032 verbis
1312 2963 1383 3030 istis

266 3089 331 3137 nec
346 3065 479 3134 mutatis
490 3089 555 3137 nec
569 3066 696 3135 deletis.
714 3107 732 3126 ··
747 3066 901 3136 Altemm
915 3054 996 3137 vero
1010 3069 1115 3158 illud,
1140 3067 1233 3159 quod
1254 3063 1381 3152 dieunt,

183 3257 186 3270 Ι
266 3169 386 3262 paullo
416 3169 535 3238 melius
566 3194 587 3238 a
617 3193 653 3239 se
681 3169 882 3262 dispositum
908 3172 948 3239 iri
975 3172 1141 3264 Stephani
1162 3170 1311 3257 lerdcon,
1343 3169 1382 3237 id

268 3271 370 3361 quale
396 3269 541 3364 intelligi
563 3274 742 3359 voluerint,
776 3296 876 3344 nemo
901 3276 980 3364 erit,
1014 3277 1073 3365 qui
1092 3297 1161 3344 non
1186 3272 1382 3364 explicatius

268 3375 478 3445 declaratum
493 3376 623 3467 cupiat,
649 3378 676 3444 si
692 3376 830 3465 quidem
844 3378 933 3448 haec
954 3401 1023 3468 res,
1050 3388 1087 3446 ut
1104 3401 1207 3469 supra
1218 3376 1381 3446 innueba-

266 3501 357 3567 mus,
384 3477 598 3548 dubitationis
617 3480 808 3571 plenissima
831 3491 889 3549 est
914 3484 1046 3571 Atque,
1071 3490 1108 3550 ut
1128 3482 1226 3550 nobis
1242 3478 1382 3570 quidem

265 3582 417 3671 videtur,
445 3584 505 3651 etsi
528 3583 714 3674 optandum
733 3583 839 3672 foret,
865 3593 903 3653 ut
921 3586 1064 3654 certiore
1083 3585 1231 3674 quadam
1252 3581 1383 3650 ratiorie
1512 3591 1513 3611 ¹

178 3749 181 3754 .
266 3686 398 3754 radices
425 3684 564 3777 linguae
585 3687 879 3775 constituerentur,
919 3711 1022 3776 quam
1051 3689 1094 3756 ab
1128 3687 1175 3755 H.
1204 3684 1381 3778 Stephano

267 3787 396 3856 factum
420 3796 485 3877 est,
518 3789 561 3856 ad
580 3810 707 3877 easque
731 3789 854 3858 deinde
876 3791 1007 3883 singula
1029 3791 1132 3860 verba
1156 3800 1239 3880 apto
1264 3789 1384 3857 ordine

127 3975 131 3984 Ι
268 3887 430 3980 disposita
449 3890 669 3961 referrentur:
703 3899 816 3960 tamen
833 3893 895 3960 nisi
916 3894 989 3982 quis
1011 3915 1136 3962 nouum
1165 3893 1269 3983 plane
1295 3891 1382 3960 lexi-

268 4011 334 4060 con
355 3992 502 4062 condere
525 3995 643 4082 vellet,
678 3995 877 4064 servandum
895 4005 966 4064 erat
984 3998 1086 4086 illud,
1118 3996 1215 4086 quod
1232 3992 1382 4086 Stepha-
1510 4069 1511 4072 ,

266 4114 328 4160 nus
349 4098 522 4185 exstruxit,
551 4097 759 4187 aedificium,
791 4100 851 4168 sed
869 4101 1001 4169 mutatis
1022 4102 1081 4188 iis,
1116 4123 1204 4189 quae
1222 4095 1273 4166 ad·
1285 4117 1382 4164 usum

267 4194 484 4264 incommoda
500 4211 583 4274 sunt.
636 4203 724 4270 Nam
747 4223 851 4291 quum
871 4203 1055 4294 praecipua
1069 4203 1171 4270 virtus
1191 4185 1383 4270 sia'lexicos
1509 4227 1510 4242 ι

267 4321 361 4414 rum,
388 4308 425 4366 ut
445 4323 547 4389 qnam
560 4302 723 4374 facillime
735 4305 885 4396 quidque
898 4308 1035 4377 inveniri
1050 4307 1174 4400 possit,
1200 4305 1233 4374 ei
1249 4304 1298 4388 rei
1312 4323 1381 4371 non
