3078 5026
615 393 685 454 Pu
706 340 811 455 adl
831 396 861 455 S.
898 416 901 428 ·
1231 397 1294 461 tul

182 559 300 652 exuat,
326 563 444 635 induat
468 571 581 634 antem
606 565 761 636 alienum.
813 563 918 651 Quod
943 573 982 634 ut
1004 565 1046 652 ii,
1077 565 1135 658 qui
1160 565 1295 638 doctio-

180 677 352 754 res‘saut,
378 667 509 738 facilius
531 666 692 740 effectum
720 667 880 756 reddant,
895 665 943 736 'at
959 668 1141 760 plerosque
1166 671 1295 741 nouitas

179 774 230 840 rei
265 780 298 840 et
331 772 506 840 insolentia
538 772 586 840 ita
621 771 765 840 advertit
797 793 839 842 ac
866 773 1038 858 'moratm,
1071 783 1115 866 ¹ut
1144 775 1180 842 in
1203 773 1294 846 hano

178 875 311 960 intanti,
346 874 432 941 illud
465 875 560 963 quo'd
583 871 778 966 primarium
804 871 854 943 est
885 873 1034 943 autnon
1058 875 1211 963 rideant,
1236 887 1294 946 aut

178 999 362 1070 perperam
387 974 543 1046 indicent.
595 977 637 1047 ld
661 1001 743 1048 vero
769 975 905 1047 Graeco
935 987 1060 1070 poetae
1092 988 1186 1047 tanto
1219 1003 1294 1049 ma-

178 1081 231 1174 gis
256 1079 472 1150 metuendum
498 1088 586 1165 erat,
611 1079 705 1171 quod
731 1079 776 1148 ad
800 1081 924 1173 populi
949 1102 1080 1150 sensum
1106 1091 1140 1150 et
1164 1103 1293 1174 appro-

177 1183 349 1252 bationem
382 1183 592 1276 exigerentur
623 1183 770 1254 fabulae.
831 1183 950 1274 ltaque
982 1182 1170 1276 Aeschylus
1201 1194 1294 1254 tanta

176 1309 255 1356 usas
272 1295 338 1356 est
370 1287 546 1372 cautione,
584 1296 622 1356 ut
663 1287 764 1356 etiarn
802 1285 939 1356 illorum
980 1288 1166 1377 quaedam,
1205 1313 1294 1379 quae

177 1411 314 1484 prorsus
334 1389 469 1460 Graeca
493 1397 584 1476 sunt,
610 1389 792 1464 retinuerit.
844 1389 1019 1460 Eiusmodi
1044 1400 1118 1460 sunt
1141 1391 1292 1477 inlariae,

7 1489 10 1494 ’
96 1542 98 1546 -
177 1517 260 1584 quas
286 1493 410 1562 'Atussa
434 1493 541 1561 llario
566 1493 696 1562 affert
727 1492 799 1563 Sed
824 1490 895 1564 hoc
926 1493 1065 1582 quidem
1097 1492 1205 1567 facile
1224 1517 1290 1586 po·

149 1609 152 1614 “
176 1605 266 1664 terat
290 1596 413 1664 lateret
438 1595 609 1666 difficilius
635 1597 875 1666 delitescebant
895 1595 1030 1668 Graeca
1054 1595 1155 1685 lovis,
1179 1598 1292 1690 Apolss

178 1699 267 1784 linis,
300 1697 480 1785 Mercurii,
516 1699 772 1791 inferorumque
803 1698 894 1792 regis
923 1701 1066 1769 nomina.
1124 1703 1174 1773 At
1203 1702 1292 1772 euim

177 1801 318 1872 Persicis
351 1803 540 1873 nominibus
571 1805 599 1872 si
631 1827 709 1872 usus
735 1812 838 1890 esset,
876 1825 965 1871 nova
992 1805 1053 1874 illa
1088 1813 1122 1872 et
1158 1805 1291 1873 insolita

176 1906 311 1973 nomina
328 1905 552 1976 'attentionem
578 1917 807 1999 spectatorum
832 1907 876 1974 ab
902 1929 955 1991 eo,
982 1907 1076 1976 cuius
1100 1928 1214 1977 caussa
1238 1907 1292 1975 isti

175 2007 224 2075 dii
248 2019 569 2096 commemorantur,
601 2016 789 2096 avocasset,
821 2017 856 2078 et
887 2009 1145 2102 cogitationibus
1175 2010 1292 2103 impli-

175 2121 284 2184 cassat
307 2113 530 2185 alienissimis:
555 2113 658 2184 veluti
684 2115 711 2182 si
736 2116 876 2199 Atossa,
909 2122 1075 2183 ostentum
1097 2112 1161 2182 sibi
1185 2115 1291 2183 risum

175 2214 384 2301 describens,
400 2237 480 2309 'pro
511 2213 658 2284 Phoebo
690 2213 857 2282 Mithram
888 2215 1092 2284 nominaret.¹
1133 2217 1191 2284 Ex.
1220 2231 1289 2306 quo

173 2318 272 2388 loco·
293 2317 506 2409 intelligitur,
543 2339 587 2385 ne
613 2325 765 2402 ¹statuam
799 2315 939 2406 quidem
977 2315 1145 2409 Apollinis
1153 2364 1173 2402 ,.
1201 2339 1290 2407 quae

172 2427 251 2488 ante
271 2418 373 2486 aedes
397 2421 509 2511 regias
534 2420 684 2512 conspici
708 2419 858 2502 solebat,
882 2429 1047 2487 remotam
1063 2419 1175 2486 fnisse.
1200 2421 1290 2488 Nam

172 2522 312 2592 Graeco
334 2519 473 2610 quidem
493 2520 631 2590 ”homini
667 2529 759 2589 tanto
793 2522 903 2612 magis
947 2519 1077 2592 licitum
1109 2530 1181 2589 erat
1211 2543 1289 2590 suos

158 2625 258 2696 ,deos
276 2627 460 2716 peregrino
484 2627 621 2717 populo
645 2625 882 2711 commodare,¹
906 2623 1000 2713 quod
1024 2633 1062 2693 ut
1081 2623 1137 2692 vel
1160 2619 1288 2693 erHe-

172 2725 297 2797 rodoto
322 2729 534 2822 intelligitur,
559 2730 695 2796 nomina
716 2727 774 2796 illa
793 2729 841 2795 ita
867 2727 1060 2797 muneribus
1086 2728 1289 2816 quibusdam

175 2841 210 2900 et
223 2833 443 2922 potestatibus
464 2829 635 2902 numinum
654 2829 880 2922 ngnficandis
900 2831 1139 2918 inserviebant,
1165 2837 1288 2901 utnon

173 2933 294 3003 mirum
315 2934 455 3008 Graecis
468 2935 656 3020 rideretur,
683 2931 821 3003 eosdem
842 2934 925 3006 deos
945 2934 1038 3027 apud
1058 2935 1137 3003 alias
1151 2955 1354 3024 quoque

173 3047 290 3130 gentes
315 3038 393 3106 ooli.
443 3038 527 3108 Sed
539 3048 577 3108 nt
609 3037 698 3108 haec
726 3039 893 3131 sapienter
919 3040 1062 3107 servavit
1082 3050 1205 3160 poeta,
1236 3038 1334 3106 itala

173 3162 242 3209 non
266 3141 390 3210 minus
398 3142 573 3213 subactum
598 3139 759 3211 iudicium
782 3141 975 3231 prodidit
965 3163 1000 3207 m
1021 3141 1082 3224 iis,
1107 3141 1150 3206 in
1167 3139 1294 3229 quibus

173 3243 393 3312 adumbravit
407 3245 553 3334 aliquam
574 3243 819 3335 peregrinitatis
837 3245 994 3334 speciem.
1028 3241 1179 3312 Horum
1204 3264 1286 3333 par·

172 3345 233 3414 tim
254 3345 419 3415 eiusmodi
436 3356 529 3433 sunt,
553 3355 591 3414 ut
611 3346 814 3414 admoneant
830 3343 1019 3414 tautumde
1034 3346 1285 3440 peregrinitate,

130 3453 131 3458 ’
172 3449 268 3538 quod
291 3469 397 3542 genus
426 3450 598 3543 inprimis
624 3451 790 3540 placuisse
819 3450 960 3520 Graecis
989 3449 1164 3516 videmust.
1195 3445 1286 3515 nuda

172 3553 319 3645 pictores
342 3576 479 3642 quoque
503 3561 537 3623 et
562 3553 708 3621 statuarii
730 3553 835 3620 multa
858 3553 1010 3644 figurate·
1023 3547 1185 3618 indicasse
1207 3548 1286 3616 satis

171 3648 383 3726 habuerunt,
409 3657 513 3729 uate
539 3664 605 3739 est,
631 3653 725 3743 quod
738 3653 1043 3742 Mariandyuorum
1059 3647 1285 3741 querimonias

172 3761 433 3847 commemorat,
470 3759 526 3827 rel
551 3757 744 3826 barbaricos
774 3753 856 3826 dicit
883 3757 1055 3826 clamores·
1076 3763 1110 3822 et
1146 3753 1285 3824 einana

172 3859 280 3931 chori.
307 3864 410 3932 ‘Alio
426 3885 430 3896 ·
446 3861 552 3931 modo
578 3860 797 3952 peregrinum
822 3855 1155 3928 coloremiuducnnt
1178 3879 1284 3926 voca-

170 3965 254 4033 bula
275 3965 330 4034 vel
352 3989 430 4036 vere
454 3967 652 4057 peregrina,
692 3963 748 4032 vel
776 3971 947 4031 vetustate
964 3960 1151 4045 obsoleta,
1172 3962 1284 4030 caius·

170 4068 267 4135 modi
291 4063 501 4164 sont‘fialq'r
520 4077 565 4136 >et
578 4065 709 4147 ’Ἴανεςι
761 4065 850 4136 cum
880 4064 934 4132 his
957 4065 1136 4133 coniuncta
1159 4073 1208 4134 est
1229 4087 1283 4133 res

169 4171 341 4265 inprimis
364 4171 539 4254 notabilis,
564 4169 828 4238 interiectionum
851 4167 1034 4237 insolentia
1094 4166 1172 4236 Hae
1193 4167 1284 4252 enim
1384 4233 1386 4242 ,

169 4275 314 4345 voculae
328 4275 487 4364 quoniam
502 4276 571 4340 non
586 4269 866 4358 notionum'saat,
889 4269 952 4342 sed
969 4277 1121 4340 sensuum
1143 4269 1281 4352 indicem*

171 4377 303 4449 nullius·
320 4385 395 4448 sunt
419 4377 555 4470 linguae
574 4375 752 4470 propriae,
793 4374 861 4444 sed
876 4397 1070 4448 corumunes
1090 4373 1281 4466 linguarum
