3058 5046
410 369 651 434 unsalvur
679 317 1004 433 srurfllnrnrrr
1198 371 1262 436 288

150 555 188 613 ut
208 551 283 618 nost
319 542 483 637 ‘quidem
504 543 619 634 opinio
639 551 707 628 est,
740 563 776 634 p.
799 536 861 610 65.
911 539 1122 632 Stephanum
1144 564 1261 633 repre-

150 567 349 732 benderxrt,
375 648 514 716 verbum
530 643 744 739 ἀγανακτεῖν
769 645 956 714 accusativo
969 645 1064 734 iungi
1079 644 1262 714 dicentem:

149 773 254 839 quam
275 749 553 826 constructionem
574 748 638 839 ipsi
663 771 727 840 per
749 748 882 838 ellipsin
901 747 1087 837 paniculae
1114 742 1176 818 διᾶ
1202 769 1262 816 er-

148 855 288 946 plicaut.
336 853 539 922 Putabamus
560 873 660 936 vero,
685 851 744 934 iis,
776 850 930 940 quande
953 849 1063 940 ellipsi
1083 850 1119 916 in
1138 847 1261 920 Museo

149 956 334 1026 studiorum
351 954 551 1043 antiquitatis
565 953 823 1043 disputavimus,
849 952 984 1045 pridem
1004 951 1165 1022 effectum
1180 975 1262 1037 esse,

148 1067 187 1126 ut
207 1057 394 1126 istiusmodi
416 1058 551 1149 ellipses
567 1057 690 1124 nemini
712 1057 843 1125 erudito
866 1056 1009 1148 amplius
1024 1057 1263 1147 probarentur:

149 1183 259 1249 neque
281 1161 522 1230 inaGermauia
544 1159 682 1249 quidem
702 1161 895 1249 qnisquam,
925 1169 1060 1250 praeter
1086 1158 1264 1248 quosdam,

148 1264 207 1352 qni
221 1265 257 1332 in
272 1265 450 1332 vetustiore
473 1262 649 1355 disciplina
669 1271 929 1351 consenuerunt,
956 1261 1000 1332 de
1025 1261 1141 1330 taline
1163 1261 1263 1354 cogi-

148 1375 207 1434 tat.
232 1405 286 1418 -
316 1367 425 1435 Porro
452 1389 521 1434 non
545 1376 616 1434 emt
643 1365 946 1456 praetereundum,
984 1365 1138 1434 ultimam
1159 1365 1263 1455 syrie

147 1467 230 1538 bam
251 1468 406 1548 adverbii
433 1467 525 1562 ἄγαν
539 1479 666 1542 natura
690 1469 836 1561 ¹longam
864 1489 955 1553 esse,
991 1476 1026 1536 et
1049 1468 1181 1559 saepius
1206 1491 1262 1536 er·-
1325 1471 1330 1476 ’

147 1595 237 1640 rasse
247 1570 344 1638 miros
367 1572 503 1655 doctos,
528 1594 632 1661 quum
647 1573 786 1644 brevem
802 1595 871 1640 esse
887 1571 963 1654 rati,
990 1570 1106 1638 addito
1124 1599 1164 1664 γε
1178 1592 1262 1662 pro·
1386 1603 1390 1615 ν

147 1672 341 1742 ducendam
358 1682 524 1745 curarunt·
574 1673 645 1744 Sed
660 1675 860 1746 recentiores
876 1673 1059 1764 quosdam,
1079 1683 1123 1760 fut
1145 1673 1263 1742 Palla-

148 1776 231 1844 dam
249 1776 357 1868 epigr.
381 1775 466 1850 124.
491 1785 525 1845 et
546 1777 733 1869 Agathiam
756 1778 865 1869 epigr.
886 1776 927 1846 4.
958 1777 1157 1867 corripuisse
1185 1799 1261 1845 earn

87 1955 89 1960 ¹
147 1878 324 1969 syllabam.
354 1919 406 1933 -
431 1879 519 1950 Ounr
539 1880 607 1952 hac
622 1883 851 1950 observatione
869 1890 979 1950 autem
998 1880 1262 1950 coniunctissima

147 1982 325 2068 crotalia,
351 2006 453 2073 quarn
472 1984 581 2074 ipsam
604 2007 740 2075 quoque
762 2007 865 2076 aegre
887 1985 1025 2054 ferimus
1047 1983 1262 2075 praetermis-

146 2107 217 2152 sam
230 2107 309 2152 esse.
360 2087 449 2153 Nam
471 2109 580 2174 neque
603 2088 712 2177 epici,
735 2110 846 2176 neque
863 2087 960 2158 lones
973 2088 1034 2154 illo
1049 2085 1142 2178 ἄγαν
1160 2095 1261 2154 utun-

148 2194 219 2273 tur,
245 2209 315 2275 quo
329 2187 356 2254 si
369 2197 476 2256 essent
489 2188 556 2273 usi,
581 2208 650 2255 non
664 2187 777 2282 ἄγαν,
802 2187 862 2256 sed
876 2186 967 2283 ἄγην
988 2189 1103 2255 dicere
1123 2187 1262 2256 debuis-

146 2299 228 2358 sent
280 2289 328 2356 Hi
349 2290 452 2380 igitur
471 2313 538 2380 pro
562 2285 703 2386 ου”λιήν
725 2298 899 2382 usurpant,
926 2286 1018 2383 ἄγαν
1039 2291 1262 2379 relinquentes

145 2391 365 2482 Doriensibus
393 2401 427 2460 et
458 2393 587 2460 Atticis.
620 2431 674 2444 -
722 2395 798 2462 Nec
820 2391 965 2479 deniqne
986 2413 1054 2460 non
1084 2400 1262 2480 acceptum

145 2493 278 2578 fuisset,
304 2492 331 2558 si
345 2492 389 2561 de
404 2493 611 2580 differentia,
637 2515 725 2583 quae
751 2503 800 2562 est
813 2496 899 2562 inter
913 2491 1006 2586 ἄγαν
1021 2503 1055 2562 et
1069 2487 1212 2589 σφόδρα
1227 2502 1262 2561 et

145 2589 265 2689 μᾶλα,
290 2595 419 2684 aliquid
441 2597 604 2666 adnotare
620 2596 816 2668 Editoribus
830 2596 1020 2688 placuisset.
1071 2598 1159 2664 Nem
1179 2594 1261 2670 λίαν

146 2697 287 2788 quidem
317 2707 350 2766 et
374 2697 466 2790 ἄγαν
490 2702 592 2793 plane
624 2701 779 2770 eamdem
799 2701 868 2768 vim
896 2699 1053 2780 habente
1078 2699 1139 2768 illa
1168 2721 1261 2784 vero,

147 2792 290 2895 σφόδρα
308 2809 342 2868 et
353 2795 452 2893 μᾶλα
461 2856 475 2889 ,
505 2812 539 2871 et
560 2805 604 2872 nb
625 2803 698 2890 his,
725 2813 759 2872 st
772 2804 857 2872 inter
872 2825 907 2870 se
921 2801 1091 2876 differunt.
1142 2803 1263 2872 Solent

147 2911 260 2976 autem
277 2902 473 2977 huiusmodi
496 2907 802 2996 synonymanimis
820 2906 1034 2998 negligenter
1054 2905 1193 2991 baberi,
1226 2907 1261 2974 in
1390 2949 1393 2954 -

147 3027 291 3095 quorum
306 3008 397 3076 varia
408 3016 574 3099 potestate
590 3008 797 3078 admirabilis
816 3011 962 3081 cernitur
969 3009 1152 3099 elegantia.
1191 3009 1261 3094 Sic,

146 3117 184 3178 ut
201 3108 329 3198 aliquid
343 3111 460 3180 saltem
476 3112 672 3198 afferamus,
695 3107 796 3204 μᾶλα
820 3133 957 3204 prorsus
970 3109 1153 3200 respondet
1169 3110 1262 3179 Ger-

146 3212 280 3283 manico
303 3233 398 3304 gor:
433 3215 524 3282 unde
550 3215 636 3283 illud
667 3215 824 3285 usitatum
850 3207 941 3305 μάλ’
967 3208 1088 3293 αὖθις,
1102 3213 1263 3304 explicari

121 3369 124 3378 .
145 3322 277 3406 potest,
305 3317 481 3406 omnisque
501 3317 650 3405 reliquus
671 3315 771 3384 huius
793 3315 948 3392 adverbii.
963 3337 1053 3386 usus:
1078 3316 1136 3404 qui
1156 3336 1262 3404 quum

146 3417 188 3508 sit
217 3418 497 3506 frequentissimus
528 3419 622 3511 apud
650 3419 782 3510 epicos,
829 3419 938 3488 multo
967 3418 1167 3488 debiliorem
1183 3419 1262 3486 nim
1321 3423 1328 3431 '

146 3518 242 3611 apud
264 3519 329 3588 hos
344 3520 414 3594 hoc
427 3523 626 3596 adverbium
645 3521 761 3608 hebet,
780 3544 883 3612 quam
903 3523 998 3612 apud
1014 3523 1157 3605 Atticos,
1182 3522 1261 3588 lon-

145 3645 259 3714 geque
282 3623 411 3693 diversa
429 3633 504 3694 sunt
521 3626 744 3694 Homericum
767 3618 867 3717 μᾶλα
892 3626 1023 3718 μέγας,
1058 3633 1099 3700 αι
1117 3623 1261 3716 Sopho·

146 3725 261 3794 eleum
286 3727 374 3849 illud
400 3728 435 3796 in
458 3727 547 3800 Oed.
569 3727 645 3798 cor
665 3751 698 3796 v.
720 3725 832 3804 1462.
855 3721 965 3822 μᾶλα,
980 3727 1091 3822 μέγας
1118 3726 1250 3825 ἐρείπε-

146 3853 213 3901 rar
237 3854 381 3910 ντνπος.
543 3868 547 3872 -

247 4031 288 4100 lu
312 4056 343 4102 v.
370 4030 586 4130 ἄγαπᾶομαν
618 4060 656 4129 p.
682 4036 743 4107 78.
768 4059 874 4129 quum
895 4036 933 4106 id
957 4035 1150 4129 Stephanus
1174 4007 1275 4106 ιιοῐι-ι

145 4155 344 4222 numquam>
372 4141 471 4207 etium
512 4140 558 4207 de
589 4163 713 4210 amore
752 4161 897 4210 venereo
928 4140 997 4211 dici
1027 4141 1262 4226 contendisset,

147 4238 313 4330 exemplis
338 4241 382 4308 ab
410 4264 452 4308 eo
474 4242 581 4311 citatis
602 4243 806 4314 addiderunt
833 4243 993 4314 Editorcs
1014 4244 1106 4313 aliud
1127 4267 1168 4314 ex
1189 4245 1262 4312 Lu-

3 4433 4 4440 *
148 4341 266 4430 cinno,
300 4345 587 4418 etauctoritatem
613 4345 797 4418 Pollucis.¹
832 4347 879 4416 At
898 4346 1121 4426 monendum
1148 4347 1262 4440 potius
