3058 5046
341 413 353 436 ,
466 295 647 398 ΣΣιιιοΣ
672 337 983 400 Maarsares.
1211 341 1277 408 aaa

156 499 292 595 ε’σμοῦ,
332 499 418 578 οῦτ
451 502 509 579 ειτι
538 498 695 629 βοσνήι,
731 502 816 581 οῦτ
844 505 997 592 ἄλλοις.
990 510 1093 606 φασὶ
1119 507 1228 584 nol
1209 536 1280 584 ναι·

155 601 449 732 οἱποιιλανηθῇ
427 635 448 682 o
473 600 654 704 σίφεσμός,
689 605 947 700 α’νιχνεαοῦσας
974 619 1174 706 μεταθεῖν,
1207 617 1276 694 ἕως

135 705 205 804 ,ἄν
231 705 364 805 ciperon
393 704 461 784 adv
483 705 645 834 ηγεμῦνα
671 740 717 810 τῃ
738 708 850 810 ὀσμῇ·
890 715 1033 809 λέγεται
1056 716 1094 790 δὲ
1118 714 1177 787 ναὶ
1202 717 1274 808 φῦ·

157 819 293 909 ρεσθαι
317 806 433 887 αῦτῦν
453 808 527 888 ῦιιό
546 814 617 888 τοῦ
632 816 766 908 ἑσμοῦ,
792 815 885 890 ὅταν
897 819 1076 892 πέτεσθαι
1091 844 1143 914 μη
1135 811 1274 916 δῦνη-

156 937 241 987 ταν·
267 915 327 986 ναὶ
339 908 404 987 εἀν
419 909 627 1036 αἰιῦληται,
630 913 861 992 ἀπόλλυσθαι
877 913 945 994 τόν
962 915 1141 1014 οἷφεσμῦν.
1167 919 1321 1004 Quodsi

157 1015 387 1086 Schneiderns
402 1017 564 1106 dedit,
542 1049 561 1094 ο
579 1015 700 1094 αῦτοῖν
716 1015 839 1113 ἑσμῦς,
866 1030 901 1090 et
925 1050 992 1097 τον
1010 1019 1133 1096 αῦτῦν
1149 1015 1277 1115 ἑσμόν,

156 1121 214 1188 vel
235 1130 380 1216 propter
401 1122 518 1192 inutile
539 1145 735 1214 pronomen¹
756 1119 877 1199 αῦτῦν
902 1147 971 1193 non
991 1126 1124 1194 videtur
1146 1124 1279 1193 admitti

155 1244 267 1316 posse.
320 1225 390 1309 Qui
412 1235 566 1296 accurate
587 1226 846 1295 consideraverit
866 1229 986 1300 verba
995 1228 1197 1314 Aristotelis,
1222 1227 1279 1296 la-

157 1329 224 1396 cile
238 1328 459 1420 intelliget,
441 1323 553 1422 εσμῦν
568 1330 718 1399 universe
730 1329 799 1400 dici
816 1353 955 1399 examen
968 1355 1084 1424 apum,
1110 1323 1278 1425 α’φεσμόν

157 1439 290 1517 autem,
315 1430 351 1498 id
373 1432 467 1521 qnod
489 1433 593 1524 plane
611 1455 689 1504 cum
713 1458 755 1503 ea
771 1457 872 1523 qnam
890 1434 1037 1505 indicavi
1060 1433 1192 1553 origine
1212 1455 1278 1503 ro-

157 1534 272 1604 cabnli
299 1537 473 1627 congruit,
516 1559 654 1607 examen
684 1560 831 1630 vagum,
866 1537 1089 1630 aprincipali
1115 1521 1277 1622 crimine,

156 1645 197 1705 ut
219 1638 404 1724 coloniam,
431 1639 633 1730 digressum.
664 1641 769 1730 idque
788 1642 833 1710 ab
853 1642 1017 1711 Romanis
1035 1639 1176 1733 proprie
1196 1661 1279 1708 exa-

156 1763 237 1809 men
259 1751 410 1811 vocatur.
462 1743 562 1813 Hanc
590 1743 816 1813 dimissionem
838 1745 942 1838 partis
970 1743 1103 1840 ἄφεσιν
1124 1743 1278 1838 appellat

155 1844 352 1914 Aristoteles
375 1846 497 1914 eodem
523 1848 634 1939 capite
654 1871 761 1942 segm
787 1847 847 1916 11.
864 1857 898 1917 et
922 1847 982 1916 13.
1007 1858 1041 1916 ct
1061 1848 1120 1915 lib
1144 1847 1189 1921 V.
1216 1845 1277 1932 18,

157 1947 193 2014 l.
220 1949 280 2016 ubi
301 1934 397 2070 qnod
417 1951 548 2036 scribit,
580 1945 668 2026 τότε
689 1951 749 2025 ιιαι
773 1949 877 2047 ἑσμοι
901 1947 1074 2048 α’φίενται
1098 1953 1278 2039 πλεῖστοι,

153 2050 242 2119 nihil
267 2060 315 2120 cst
338 2053 400 2119 nisi
424 2050 655 2144 descriptio’
630 2055 813 2148 αφισμιῦν.
864 2055 999 2125 Iu'vabit
1021 2077 1098 2124 cum
1126 2054 1164 2122 iis
1189 2075 1278 2152 qnae

155 2176 259 2244 supra
281 2153 380 2243 posui
402 2155 502 2222 etiam
524 2155 613 2226 haec
628 2157 734 2224 verba
750 2177 962 2247 comparasse
985 2159 1044 2226 lX.
1068 2156 1136 2240 27,
1152 2155 1278 2230 13..οῑ
1396 2180 1397 2184 ’

157 2258 197 2330 δὲ
215 2261 376 2351 βασιλεῖς
397 2253 503 2329 αὐτοὶ
525 2258 595 2351 μὲν
616 2254 683 2347 οῦχ
704 2257 863 2353 ῦρῦνται
885 2258 997 2341 ἄλλως
1022 2257 1045 2348 ἢ
1067 2251 1159 2351 μετ’
1182 2252 1278 2351 α’φέ-

156 2387 253 2440 οιας.
305 2361 509 2448 Νιιιιι,ι]ιιοε
534 2361 593 2429 hic
617 2360 698 2429 dicit
720 2362 811 2430 cemi
833 2357 919 2453 μετ’
937 2357 1110 2455 ἀφέσεως,
1144 2357 1183 2426 hi
1204 2367 1279 2426 sunt

155 2462 240 2553 ipsi,
267 2485 352 2551 quos
367 2461 436 2532 illic
452 2456 629 2558 ἡγεμόνας
641 2462 714 2535 τῦν
730 2459 904 2557 α’φεσμῦν
917 2471 1027 2533 vocat
1080 2460 1174 2547 Quid
1188 2462 1279 2530 mul-

156 2565 216 2634 ta?
263 2567 343 2656 lpse
362 2565 580 2651 Aristoteles,
611 2565 695 2654 qnid
719 2567 760 2634 sit
781 2560 964 2659 εἷφεσμός,
1002 2565 1076 2657 ipsa
1104 2565 1165 2632 illa
1192 2585 1279 2633 voce

155 2693 233 2739 usus
263 2669 507 2737 evidentissime
534 2670 686 2738 declarat
710 2669 769 2738 lx.
795 2667 856 2737 29.
882 2670 934 2737 his
962 2670 1090 2737 verbis.
1130 2667 1279 2750 ποιοῦσι
1327 2699 1329 2706 ·

158 2771 196 2847 δὲ
210 2800 254 2845 το
273 2772 406 2868 σμῆνος
423 2766 498 2845 ῦπο
510 2772 577 2869 γῆν
592 2801 631 2844 αι
623 2769 852 2869 ανθρῆναι,
880 2774 1096 2868 ἐκφέρουσαι
1110 2797 1179 2868 την
1195 2771 1276 2867 γῆν,

157 2872 279 3002 ὥσπερ
288 2881 324 2947 οἱ
339 2869 529 2972 priennaee
558 2871 717 2997 αφεσμοι
738 2871 807 2971 μα’(ι
816 2929 830 2964 ,
858 2871 970 2971 decep
986 2876 1060 2949 τῦν
1079 2874 1278 3000 palaestin,

69 3061 74 3072 p
157 2974 203 3050 οῦ
228 2975 390 3072 μ’μνεται
416 2975 502 3052 οὔτε
524 2972 686 3068 τοῦτον,
719 2977 895 3051 οῦτετιῦν
919 2979 1085 3076 oppeciit,
1113 2972 1193 3095 αλλ’
1220 2973 1278 3048 αἰὶ

156 3082 428 3173 ἑανμγνομέναι
449 3073 625 3176 νεώτεραι
650 3076 769 3153 αυτοῦ
782 3083 960 3201 μένουσι,
996 3079 1056 3151 ααὶ
1078 3106 1122 3152 το
1143 3077 1277 3172 σμῆνος

155 3188 279 3273 μεῖζον
302 3183 494 3271 ποιοῦσιν,
521 3185 740 3277 ἐκφέρουσαν
762 3200 829 3254 τον
852 3182 951 3272 χοῦν.
1004 3182 1125 3270 ltaque
1145 3179 1276 3249 lociil-

153 3285 218 3353 lins
240 3309 342 3374 quem
364 3285 584 3378 supraposui
603 3284 692 3351 haec
709 3284 870 3352 sententia
887 3293 953 3352 est.
977 3307 1098 3376 regem
1110 3305 1179 3352 non
1194 3305 1277 3352 evo-

153 3388 273 3456 lare
241 3389 302 3456 msi
317 3411 396 3458 cnm
416 3389 570 3456 universo
589 3385 759 3480 examine3
789 3387 925 3476 qnod
900 3409 926 3454 ει
945 3411 1085 3457 examen
1105 3409 1232 3478 vagum
1254 3410 1276 3454 a

155 3490 244 3560 duce
258 3513 319 3562 sno
335 3491 424 3560 forte
439 3491 653 3572 dissociatum
673 3490 730 3575 sit,
756 3490 949 3582 investigari
970 3513 1048 3558 enm
1067 3489 1276 3576 invenirique

153 3594 278 3663 odore:
305 3595 482 3688 eumdem,
508 3594 671 3662 sivolare
690 3603 853 3682 nequeat,
889 3593 1019 3683 portari
1042 3593 1085 3662 ab
1105 3590 1274 3672 examine3

153 3707 288 3767 mortuo
310 3708 422 3767 antem
440 3698 553 3790 perire
576 3718 714 3765 examen
734 3720 877 3789 vagum,
908 3695 1011 3792 ,quod
1029 3719 1109 3768 oum
1132 3717 1174 3764 eo
1192 3715 1275 3764 evo*

153 3801 289 3889 laverit,
314 3801 434 3871 relicto
446 3803 481 3870 in
498 3800 622 3871 alveari
636 3801 787 3868 examine
803 3799 992 3892 principali.
1236 3817 1241 3820 ·
