3078 5026
283 1221 366 1309 ou
404 1220 625 1346 cuono
656 1157 1049 1314 nvmnmnvm
1078 1219 1399 1312 Ansournr

437 1374 907 1466 nrssuorlrro
938 1375 1161 1466 Ριιιιιιι
1187 1373 1242 1494 ι).

733 1657 940 1674 m

594 1857 1124 1940 PRAEFATIO„

256 2023 468 2149 aSepumus
489 2058 550 2131 hic
572 2085 673 2132 annus
693 2073 760 2151 est,
794 2087 836 2133 ex
865 2087 934 2156 quo
963 2074 1120 2157 rogatus,
1145 2074 1182 2133 ut
1201 2055 1397 2133 'conferrem

280 2163 407 2251 aliquid
431 2163 476 2232 ad
498 2167 697 2235 secundum
704 2168 903 2238 fasciculum
917 2169 1030 2238 Musei
1052 2168 1237 2237 studiorum
1252 2165 1397 2253 antiqui-

279 2265 370 2350 tatis,
401 2267 607 2337 Buttmanno
638 2270 901 2340 dissertationem
924 2275 999 2342 misi
1028 2272 1074 2341 de
1100 2272 1207 2342 clroro
1233 2268 1396 2338 Eumeni-

280 2367 363 2436 dum
389 2370 566 2461 Aeschyli·
606 2396 673 2462 qua
698 2375 918 2444 commodum
946 2376 1044 2445 missa
1064 2399 1167 2466 quum
1192 2357 1397 2463 accepissem

279 2471 448 2540 Boeckhii
469 2475 592 2543 librum
613 2477 657 2545 de
676 2479 811 2570 tragicis
828 2480 1018 2564 Graecis,
1009 2502 1043 2545 ιιι
1066 2502 1135 2568 quo
1159 2481 1186 2546 is
1208 2497 1330 2543 novam
1353 2471 1398 2540 de

280 2595 321 2640 ea
343 2574 529 2665 ,tragoedia
562 2582 788 2647 coniecturam
814 2589 1057 2670 proposuerat,
1083 2581 1183 2646 aliam
1207 2577 1251 2644 de
1274 2575 1400 2642 codem
1434 2588 1436 2596 ’

279 2687 480 2765 argumento
496 2679 761 2748 dissertationem
784 2682 902 2752 adieci.
953 2682 1134 2769 Aliquanto
1156 2688 1251 2771 post,
1292 2677 1399 2744 dilata
1520 2735 1521 2760 ,

281 2777 427 2847 editione
448 2779 600 2849 fasciculi
619 2783 731 2867 illius,¹
751 2784 851 2872 petii,
876 2793 913 2852 ut
930 2783 1014 2851 mihi
1033 2783 1253 2850 redderentur
1271 2780 1395 2847 disser—
1520 2787 1521 2822 ³

275 2879 418 2948 tationes
436 2880 538 2966 istae,
565 2905 633 2971 quo
656 2907 711 2950 eas
735 2885 794 2952 hic
807 2887 877 2954 illic
890 2888 1029 2954 fortasse
1043 2895 1157 2955 auctas
1174 2891 1395 2966 correctasve,

278 3005 383 3071 quum
403 2983 442 3051 iis
460 3007 538 3052 usus
558 2986 668 3074 foret,
700 2988 915 3060 remitterem.
966 2987 1195 3080 ltarepositas
1210 2987 1398 3070 servabam,

281 3107 517 3176 servaremque
538 3089 734 3175 etiamnum,
762 3090 823 3158 nisi
846 3091 931 3159 milri
953 3112 1061 3178 nunc,
1087 3114 1175 3181 quse
1191 3113 1233 3159 cx
1250 3090 1396 3157 muneris

278 3190 346 3256 mei
371 3190 487 3260 officio
509 3190 597 3260 duae
624 3203 717 3260 erant
738 3195 1035 3262 commentationes
1059 3194 1229 3278 edendae,
1271 3193 1314 3259 ad
1338 3213 1396 3258 eas

279 3292 469 3360 scribendas
493 3295 597 3363 otium
619 3291 787 3366 defuisset.
838 3297 903 3366 Cui
928 3298 1043 3368 officio
1064 3321 1167 3387 quum
1190 3295 1329 3364 edendis
1349 3293 1395 3360 il-

278 3395 339 3482 lis,
365 3405 541 3486 questum
567 3399 784 3488 scripseram,
810 3401 1093 3469 dissertationibus
1120 3400 1270 3468 satisfieri
1291 3419 1393 3486 posse

278 3499 519 3592 intelligerem,
545 3525 612 3570 non
634 3503 797 3594 putabam
811 3504 849 3571 id
873 3528 975 3595 aegre
999 3504 1125 3571 laturos
1152 3501 1389 3574 celeberrimos

277 3602 423 3671 editores
445 3602 574 3690 Musei,
606 3616 644 3674 ut
667 3629 751 3695 quos
777 3615 811 3675 et
834 3609 959 3677 amicos
975 3607 1058 3676 mihi
1082 3631 1151 3675 esse
1171 3607 1306 3688 scirem,
1331 3623 1394 3671 nec

277 3703 502 3792 dubitaturos,
528 3709 554 3774 si
576 3709 757 3778 instaurare
772 3710 930 3780 Museum
951 3734 1046 3779 suum
1070 3711 1213 3792 vellent,
1238 3728 1307 3775 non
1330 3707 1394 3774 dc-

277 3810 491 3876 trectatumm
513 3834 568 3878 mc
590 3835 676 3898 esse,
703 3813 803 3901 quod
821 3815 859 3881 iis
883 3825 1016 3906 gratum
1041 3815 1117 3883 fore
1137 3813 1339 3901 acciperem.

380 3909 532 3980 Chomm
552 3913 797 3998 Eumenidum,
832 3917 966 4004 aliaque
993 3916 1172 3998 nonnulla,
1205 3932 1394 4000 quaecum

277 4004 344 4075 hac
365 4015 558 4096 quaestione
582 4018 757 4088 coniuncta
778 4029 869 4104 sunt,
896 4019 1007 4110 attigit
1026 4041 1134 4111 nuper
1155 4017 1255 4086 etiam
1274 4017 1394 4084 Blom-

281 4189 480 4212 β-ῃ

320 4303 349 4392 *)
370 4305 475 4371 Editee
497 4323 567 4372 runt
587 4336 613 4374 a.
638 4322 729 4385 1816.
