3078 5026
562 361 893 428 olssnnrlrlo
1241 373 1286 436 86

175 533 285 618 tione,
312 534 472 603 excidisse
486 537 556 603 veri
572 536 680 604 simile
700 547 767 606 esta
792 537 887 627 quod
906 540 964 608 ubi
981 541 1108 610 factum
1122 540 1285 627 rideatur,

175 656 265 706 nunc
292 636 431 724 quidem
459 639 496 705 iis
523 640 753 726 quaerendum
779 641 977 730 relinquam,
1018 644 1139 733 quibus
1166 645 1284 732 minus,
1353 631 1358 658 '

175 761 278 828 qnam
313 737 418 825 mihi,
463 740 607 810 difficilis
639 743 772 810 videtur
799 742 898 811 huius
928 755 1053 836 poetae
1086 747 1285 817 emendatio.

175 842 376 911 Sedunum
400 851 514 912 tamen
539 866 580 913 ex
606 843 667 913 illa
690 845 809 914 fabula
834 847 949 918 locum
975 850 1138 944 attingere
1162 851 1286 943 placet.

174 943 274 1013 Est
264 967 291 1012 ιε
317 967 394 1013 av.
420 943 506 1016 oet.

328 1114 458 1189 πολλαι
478 1112 515 1188 δ
529 1111 683 1200 ἁπαλαῖς
704 1118 803 1215 χερσὶ
802 1105 1030 1220 καλόπτρας
1119 1109 1123 1118 ’

329 1211 644 1340 κατερεικόμεναι,
671 1221 923 1314 διαμυδαλέοις

329 1312 479 1417 δόκρυσι
500 1315 652 1403 κόλπους

429 1418 588 1518 ae'yyovo'
610 1423 738 1519 ἄλγους
750 1415 979 1517 μετέχουσαι

330 1551 369 1596 αι
360 1520 424 1598 δ
447 1520 623 1626 δβρορόοι
645 1525 820 1624 Περσίδες
843 1523 988 1627 α’νδροῖν

330 1628 536 1702 ποθέουσαι
559 1631 648 1702 ἰδεῖν
647 1625 895 1751 ἀρτιζυγίαν,

327 1727 548 1827 λέκτρυν’
509 1759 533 1804 τ
569 1724 673 1812 εόνας
690 1728 958 1851 αβροχέτοινας,

328 1833 497 1930 χλιδανῆς
517 1831 604 1956 ἤβης
623 1829 804 1954 τέρψιν
779 1839 951 1960 σφαῖραι,

330 1935 510 2010 πενθοῦσι
533 1931 633 2030 γόοις
655 1931 971 2034 αἰιορεστοτότοις.

76 2177 94 2198 κ
175 2093 358 2170 Senserunt
378 2104 499 2189 critici,
526 2104 608 2172 duas
631 2103 690 2176 bic
717 2106 919 2175 feminarum
934 2104 1054 2176 classes
1076 2110 1337 2174 commemo-12

174 2205 260 2291 rari,
286 2227 428 2293 quarum
449 2207 594 2274 secunda
614 2230 735 2276 uxores
749 2211 926 2277 Persarum
938 2207 1191 2300 complectitur,
1215 2206 1290 2297 pri-

173 2329 231 2374 ma
253 2316 366 2374 autern
380 2331 466 2397 qnae
487 2310 547 2394 sit,
594 2331 635 2377 ex
657 2311 767 2379 verbis
787 2320 911 2400 poetae
934 2318 1005 2376 tam
1028 2330 1151 2399 parum
1172 2306 1292 2398 colligi

173 2417 308 2500 potest,
347 2419 385 2476 ut
410 2412 524 2500 potius
549 2432 663 2478 omnes
689 2413 844 2481 Persicae
871 2411 1027 2478 mulieres
1052 2409 1292 2500 intelligendae

173 2509 368 2580 rideantur:
394 2511 488 2602 quod
503 2520 616 2581 tamen
628 2522 798 2606 repugnat
811 2513 1035 2602 sequentibus.
1086 2512 1205 2601 Itaque
1218 2513 1292 2586 Bo-

112 2631 115 2638 ·
175 2613 284 2698 thius,
310 2613 425 2682 videns
455 2616 636 2684 lectionem
656 2616 882 2705 quorumdam
903 2616 1069 2684 librorum
1084 2610 1291 2704 drolcicln

176 2716 384 2808 grandaevas
411 2718 567 2786 mulieres
592 2718 778 2808 quadrare,
819 2720 864 2786 de
885 2718 939 2787 his
968 2728 1003 2786 et
1025 2728 1118 2790 recte
1141 2717 1291 2807 quidem,

177 2843 365 2889 sermonem
399 2845 470 2890 esse
500 2821 677 2891 intellexit:
710 2822 771 2890 sed
800 2844 923 2912 quum,
964 2821 1144 2891 emendare
1174 2822 1291 2890 locum
1425 2815 1427 2822 ¹

176 2923 308 3008 voleus,
340 2923 470 2996 πολλαὶ
489 2924 524 2990 iu
556 2923 680 2997 πολιαὶ
706 2927 863 3011 mutavit,
901 2945 1003 2994 canos
1032 2924 1129 2992 nobis
1150 2925 1291 3014 capillos

175 3047 240 3116 pro
257 3026 344 3094 canis
365 3027 559 3095 mulieribus
585 3027 745 3096 exhibuit.
795 3029 934 3096 Rectius
949 3027 1114 3096 schulzio
1136 3027 1222 3093 visus
1243 3035 1293 3094 est

175 3151 287 3196 versus
306 3129 476 3198 excidisse.
527 3131 683 3219 Eamque
714 3132 937 3220 suspicionem
959 3128 1101 3219 egregie
1116 3129 1293 3196 confirmat

177 3254 261 3301 unus
282 3231 439 3319 quidem,
481 3231 542 3299 sed
570 3233 718 3324 optimae
743 3243 844 3300 notae
869 3231 996 3315 codex,
1029 3231 1292 3324 Vitebergeusis,

176 3335 211 3402 in
228 3357 297 3422 quo
314 3345 393 3424 post
414 3336 556 3403 verbnm
577 3329 873 3430 κατερεικόμεναι
895 3334 1071 3404 luculentis
1089 3335 1205 3402 litteris
1226 3334 1291 3400 ad-

148 3437 153 3448 *
178 3437 284 3504 ditum
305 3446 353 3504 est
373 3431 536 3530 μαγνόδ,
562 3447 600 3504 ut
619 3460 705 3528 pene
723 3437 920 3507 incredibile
941 3438 1001 3522 sit,
1028 3437 1160 3527 negligi
1178 3436 1291 3504 hoca

177 3539 306 3607 Zeunio
329 3541 363 3605 in
387 3541 568 3608 collatione
589 3539 689 3608 huius
723 3541 850 3610 codicis
871 3539 1030 3631 potuisse.
1082 3538 1180 3609 Haec
1208 3559 1289 3606 vero

177 3643 385 3731 quantumvis
413 3651 572 3733 corrupta
590 3665 673 3725 vox,
707 3644 734 3708 si
750 3640 953 3733 compendia
973 3639 1156 3730 scripturae
1178 3639 1212 3707 iu
1227 3661 1290 3708 co-

177 3745 307 3813 dicibus
330 3745 449 3813 usitata
469 3744 503 3810 in
526 3744 683 3812 auxilinm
711 3744 877 3830 advoces,
909 3764 977 3812 non
998 3761 1125 3838 magno
1148 3744 1288 3840 negotio

177 3849 340 3977 optimam
360 3848 542 3917 lectionem
563 3847 755 3938 praebebit:

327 4017 458 4092 πολλοὶ
482 4014 518 4091 δ’
539 4014 689 4099 όταλαις
709 4017 810 4116 χερσὶ
830 4011 1037 4141 καλύπτρας

330 4113 626 4214 assequendorum
643 4125 753 4211 μαῖαι
777 4112 924 4242 roscidae

330 4223 583 4317 διαμυδαλέοις
604 4216 756 4316 δόκρυσι
776 4214 929 4303 κόλπους

433 4318 611 4420 τέγγουσ,
638 4321 766 4420 ἄλγους
790 4325 1021 4418 μετέχουσαι.
