3058 5046
381 429 397 452 ·,
437 394 675 460 THESAVRI
703 394 1004 463 suunt-ullor.
1210 401 1274 466 229
1340 439 1346 466 s

163 568 280 660 paullo
308 569 437 637 maiore
460 568 506 636 in¹
523 569 633 659 spatio
657 567 816 640 adhunc
839 563 981 638 modum
1007 569 1179 653 exhibitis,
1205 569 1223 660 (
1246 570 1272 660 ).

164 671 234 739 Sed
249 670 325 739 satis
339 669 466 739 dictum
479 669 525 738 de
538 679 672 739 extenta
692 674 807 762 specie
825 672 920 757 libri,
947 670 991 740 de
1005 695 1073 761 qua
1086 671 1155 742 boc
1170 695 1274 740 unum

164 773 376 862 adiiciamus,
410 774 470 841 nbi
490 773 641 864 integrae
663 774 829 864 paginae,
868 796 909 844 ac
934 775 1044 867 magis
1064 775 1182 858 etiam,
1215 775 1275 844 ubi

163 877 280 968 plures
295 875 442 968 paginae
462 874 498 942 in
520 874 615 944 unius
640 878 796 952 vocabuli
813 877 1070 966 explicationem
1089 876 1276 966 insumptae

162 988 255 1063 sunt,
286 976 388 1064 'vplde
408 979 661 1046 incommodum
682 1002 753 1048 esse
772 979 1001 1048 evolventibus
1016 980 1156 1065 librum,
1181 977 1275 1066 quod

149 1081 197 1149 ‘in
214 1103 345 1148 summo
364 1081 519 1172 margine
543 1082 673 1172 primae
688 1090 815 1151 tantum
831 1083 1131 1154 vocabuli'litterae
1145 1081 1276 1171 positae

163 1193 248 1258 sunt
299 1183 352 1252 lta
371 1205 477 1272 quum
499 1184 544 1282 de
563 1184 707 1252 nomine·
720 1182 866 1278 ἄγαλμα
897 1209 918 1253 a
936 1207 971 1275 p.
995 1182 1080 1254 181.
1103 1206 1209 1273 usque
1229 1181 1274 1250 ad

162 1309 208 1378 p,
225 1285 310 1360 320.
345 1296 378 1354 et
399 1288 486 1354 ultra
519 1285 724 1378 explicetur,
763 1287 901 1378 singulis
918 1359 922 1368 ,
928 1287 1060 1386 pagini
1085 1285 1275 1377 adscriptae
1343 1285 1345 1291 “

164 1397 240 1457 suut
267 1390 397 1460 litterae
416 1388 532 1464 ΑΓΑ
540 1439 549 1468 ,
582 1410 651 1456 non
669 1390 776 1458 minus
798 1397 900 1477 quam
921 1389 961 1456 iis
980 1388 1131 1480 paginis,
1154 1389 1275 1479 quibus

164 1492 231 1559 alia
253 1493 298 1559 ab
319 1491 373 1558 his
399 1492 515 1559 litteris
543 1490 736 1582 incipientia
755 1492 859 1560 verba
887 1491 1104 1562 continentur.
1161 1490 1276 1559 Multo

53 1604 57 1612 “
162 1594 281 1662 melius
304 1593 436 1679 fuisset,
468 1601 507 1661 ut
525 1615 587 1662 uos
611 1592 749 1683 quidem
770 1594 986 1680 arbitramur,
1012 1594 1038 1662 si
1057 1593 1189 1687 integra
1209 1613 1276 1661 vox

162 1694 402 1770 APAAMA
424 1697 460 1764 iu
485 1695 538 1764 his
565 1698 700 1790 paginis
729 1699 915 1788 legeretur,
957 1719 1026 1787 quo
1055 1695 1182 1784 statim,
1217 1694 1277 1784 qui

161 1796 292 1887 aliquid
308 1820 471 1887 quaerere
483 1799 620 1889 vellent,
646 1821 715 1890 quo
731 1799 765 1868 iu
782 1801 861 1871 loco
877 1798 1045 1870 Thesauri
1057 1805 1275 1884 versarentur,

162 1899 470 1973 animadverterent.

264 2105 447 2177 Videamus
469 2128 558 2178 nnnc
581 2107 626 2176 de
651 2129 713 2195 eo,
753 2109 849 2199 quod
871 2115 1059 2199 caputest,
1099 2107 1145 2176 de
1164 2107 1274 2176 incre·

162 2209 280 2279 mentis
298 2209 398 2300 ipsis,
423 2211 544 2298 quibus
565 2209 600 2275 in
627 2231 715 2278 nova
738 2211 885 2280 editione
908 2218 1024 2278 auctus
1049 2218 1098 2276 est
1118 2207 1276 2276 Thesau-

162 2335 227 2380 rus.
279 2313 334 2382 Ac
359 2311 443 2401 quid
471 2310 663 2381 laciendum
684 2313 764 2382 hac·
777 2313 812 2380 in
832 2320 929 2404 parte
948 2310 1051 2379 luerit
1072 2309 1277 2396 Editoribus,
1398 2343 1402 2356 =

161 2436 231 2483 nou
249 2421 362 2505 potest
384 2415 582 2506 ambiguum
603 2435 692 2484 esses
716 2413 932 2486 indicandum
955 2420 1043 2501 erat,
1061 2410 1235 2500 'exempla
1256 2433 1279 2476 a

162 2515 341 2606 Stephano
354 2515 453 2585 citata
467 2516 588 2606 quibus
607 2517 771 2586 librorum
789 2516 972 2608 capitibus,
998 2513 1147 2607 paginis,
1173 2511 1277 2581 versi-

162 2620 228 2714 bus
250 2626 430 2701 exstarent3
454 2619 712 2711 corrigendum,
738 2618 833 2711 qnod
852 2618 913 2686 ille
937 2617 1042 2686 miuus
1062 2625 1155 2686 recte
1175 2615 1279 2698 dixis·

164 2731 230 2804 set;
254 2721 493 2812 explicandum
506 2722 661 2808 uberius,
687 2724 747 2793 ubi
762 2723 823 2791 ille
836 2742 901 2815 pro
917 2721 967 2790 rei
982 2720 1175 2791 conditione
1191 2718 1278 2790 iusto

163 2826 302 2894 brevior
321 2826 453 2907 fuisset;
486 2825 734 2917 supplendum,
766 2823 933 2915 quidquid
957 2821 1279 2916 vocabulorumvel
1333 2817 1336 2823 ’

163 2928 306 3020 fugisset
331 2927 544 3021 Stephanum
572 2929 626 2996 vel
653 2929 816 3010 latuisset3
860 2926 1089 2997 adnotandum
1122 2925 1278 3014 denique,

80 3031 92 3048 '
163 3032 223 3121 qni
239 3029 302 3099 viri
323 3031 417 3103 docti
436 3029 483 3100 de
506 3031 693 3122 quibusque
713 3033 822 3101 verbis
845 3030 905 3101 hic
926 3031 995 3100 illic
1013 3027 1278 3118 disputavissent

164 3133 356 3203 llaecvero
371 3133 588 3204 omniafacta
601 3146 678 3203 sunt
695 3135 739 3202 ab
759 3133 957 3202 Editoribus
978 3130 1134 3222 egregie,
1161 3137 1195 3196 et
1220 3127 1278 3210 sic,

164 3244 202 3306 ut
215 3235 385 3304 difficilius
398 3237 554 3304 omissum
573 3237 617 3304 ab
633 3237 673 3304 iis
683 3235 886 3323 quidquam,
912 3254 1014 3334 quam
1039 3233 1140 3302 allata
1161 3231 1278 3318 multa,

164 3337 253 3428 quae
278 3340 449 3429 potuerint
478 3337 603 3425 omitti,
639 3336 796 3428 reperias.
856 3334 899 3405 ld
938 3333 1033 3424 quod
1073 3336 1130 3406 vel
1163 3355 1204 3400 ex
1235 3354 1278 3400 co

165 3442 329 3511 aestimari
348 3443 442 3531 licet,
468 3439 569 3531 quod
585 3463 673 3532 quoe
693 3440 728 3508 iu
748 3440 852 3507 veteri
874 3439 1020 3508 editione
1036 3437 1169 3530 paginis
1190 3433 1276 3506 xxiV.

166 3553 200 3614 et
229 3547 349 3618 iterum
384 3543 443 3614 14.
478 3543 724 3636 comprehensa
748 3549 841 3626 sunt,
871 3542 932 3612 hic
962 3541 1105 3631 paginas
1138 3535 1279 3627 implent

164 3656 329 3722 trecentus
352 3656 387 3717 et
407 3647 535 3742 vigmti.

266 3853 377 3942 Raro,
409 3853 560 3943 quamuis
581 3851 616 3920 in
634 3871 764 3920 surnma
789 3847 968 3918 Editorum
992 3844 1181 3938 diligentia,
1197 3856 1201 3862 ’
1215 3841 1278 3911 ali-

164 3953 249 4044 quid
272 3957 429 4024 omissum
451 3954 576 4029 videas.
626 3954 687 4022 Sic
706 3974 810 4042 quern
830 3950 1028 4042 vStephanus
1047 3970 1083 4039 p.
1105 3945 1280 4042 riallon

164 4058 326 4127 Prisciani
345 4059 477 4145 locum,
502 4057 565 4126 etsi
588 4056 690 4128 facile
710 4065 871 4147 apparet,
895 4075 964 4124 non
981 4052 1103 4144 procul
1124 4051 1168 4119 ab
1186 4048 1278 4116 initio

167 4162 280 4252 operis
301 4160 530 4250 quaerendum
555 4181 644 4245 esse,
676 4169 788 4228 tamen
817 4179 886 4225 non
913 4164 961 4224 est
980 4155 1165 4225 indicatum
1183 4152 1279 4219 inve-

167 4263 231 4334 niri
248 4287 282 4355 p.
299 4261 387 4332 540.
403 4262 464 4331 ed.
483 4261 621 4332 Putsch.
646 4301 698 4314 —
728 4262 769 4328 ln
786 4282 873 4333 voce
895 4252 1025 4354 ἄβρός,
1057 4257 1101 4327 de
1123 4278 1191 4346 qua
1217 4276 1278 4323 co-

167 4368 352 4460 piosissime
369 4377 418 4438 est
433 4375 468 4436 et
489 4364 678 4440 doctissime
694 4363 913 4466 explicatum,
937 4381 1005 4430 nou
1022 4361 1164 4431 uidimus
1180 4357 1279 4429 citata
