3058 5046
289 363 354 432 ιω
506 361 719 426 CENSVRA
745 362 906 427 NOVAE
933 363 1174 428 nntrtonrs

290 528 397 628 calpa
414 529 536 626 σοφοῖν
554 533 789 633 ἒξελιξομένη,
833 534 925 606 cuius
953 491 1103 626 quamuis
1124 535 1287 606 facillima
1315 548 1400 608 esset

290 633 512 808 effogjfflol)
529 641 642 807 mviii?
669 635 751 758 quial
774 637 1058 808 mirggrlrrrbnon
1079 661 1151 708 esse
1177 663 1251 810 eaBm
1272 640 1399 811 facffim

287 762 444 930 quidem,
461 759 600 929 rlqulsde
621 760 874 912 inelllrlllriaploc
898 789 1001 934 agere
1018 764 1190 931 iffi&
1214 765 1400 935 qurffiualg

287 943 519 1012 adnotaverit?
564 945 742 1014 Servatum
767 944 837 1018 hoc
859 954 932 1015 erat
951 945 1125 1032 Seidlero,
1166 948 1224 1036 qui
1246 950 1282 1017 in
1303 950 1399 1018 brevi

286 1045 509 1138 disputatione
528 1045 573 1116 ‹le
588 1046 784 1139 fragmentis
798 1045 1051 1142 Aristophanis,
1074 1071 1163 1139 qnae
1183 1072 1293 1143 nuper
1308 1050 1399 1122 edita

287 1158 354 1236 est,
377 1172 415 1243 p.
431 1149 492 1217 21.
512 1150 559 1218 ita
581 1148 800 1220 scribendum
823 1175 895 1222 esse
910 1151 1010 1222 vidite
1030 1238 1042 1270 ⁸

389 1297 524 1416 χθονία
543 1297 581 1375 o'
601 1294 737 1404 Ἑκάτη
762 1301 908 1403 σπείρας
924 1299 1042 1401 ὀφέων
1066 1303 1296 1403 ἐλελιζομένη.

364 1453 438 1526 Sed
466 1453 567 1525 decet
590 1453 657 1523 iam
683 1456 793 1536 linem,
814 1456 928 1527 lacere
946 1456 1122 1526 scribendi.
1172 1458 1220 1526 Et
1234 1457 1400 1546 quemad-

242 1558 432 1626 atmodum
457 1579 526 1626 uon
560 1557 768 1645 dubitamus,
816 1561 897 1650 quin
928 1559 1086 1630 Editores
1118 1561 1400 1651 praestantissimi,

289 1661 516 1760 maximeque,
547 1661 640 1729 cuius
661 1663 883 1755 praecipuam
909 1663 945 1730 in
972 1662 1105 1732 edendo
1128 1662 1197 1732 lroc
1217 1663 1397 1734 Thesauro

288 1785 429 1854 operam
447 1785 519 1830 esse
535 1764 744 1854 accepimus,
770 1765 977 1836 doctissimus
995 1765 1181 1850 Barkerus,
1206 1773 1240 1834 et
1254 1768 1401 1857 gratiam

160 1927 164 1938 ,
288 1867 333 1934 ab
347 1865 521 1952 omnibus,
548 1868 607 1954 qui
627 1866 751 1936 litteras
772 1868 921 1937 Graecas
939 1877 1098 1952 tractant,
1129 1891 1293 1936 summam
1314 1868 1399 1938 inie-

286 1970 371 2057 rint,
397 1974 432 2036 et
445 1975 615 2038 aeternnm
629 1976 699 2036 tam
714 1970 858 2062 egregio
870 1992 976 2062 opere
989 1970 1170 2042 condendo
1185 1972 1322 2041 laudem
1337 1973 1400 2040 sihi

286 2070 426 2163 parituri
446 2071 529 2160 sint,
553 2072 600 2140 ita
622 2080 777 2164 optamus
798 2095 839 2142 ex
860 2073 992 2160 animo,
1017 2082 1055 2142 nt
1069 2082 1103 2142 et
1117 2073 1274 2144 valetudo
1291 2096 1332 2144 ac
1347 2073 1400 2154 vir

286 2197 340 2242 res
360 2174 400 2262 iis
420 2173 465 2241 ad
489 2174 696 2245 sustinendos
718 2185 827 2244 tantos
846 2176 979 2246 labores
994 2185 1188 2269 suppetant,
1215 2186 1249 2246 et
1264 2177 1399 2266 quaevis

194 2324 197 2338 ·
287 2275 375 2347 aliae
394 2265 570 2370 obtingant
592 2279 638 2347 ad
665 2277 906 2371 perficiendam
927 2280 1017 2350 hanc
1038 2279 1199 2350 utilissimi
1222 2279 1301 2349 libri
1324 2279 1397 2348 edi-

286 2381 413 2450 tionem
434 2381 690 2452 commoditates
719 2392 820 2473 atque
853 2383 1128 2475 opportunitates.
1187 2382 1300 2452 Vnum
1318 2383 1397 2450 reli-

286 2506 392 2574 quum
409 2491 475 2570 est,
509 2485 604 2573 quod
625 2508 683 2554 eos
704 2487 804 2556 etiam
828 2495 929 2576 atque
950 2487 1050 2556 etiam
1070 2508 1245 2577 rogemus,
1277 2494 1314 2555 ut
1334 2509 1398 2576 pa·

285 2610 359 2656 rem
377 2609 494 2658 curam
517 2589 617 2656 etiam
634 2589 804 2660 Indioibus
823 2589 1040 2659 conficiendis
1061 2588 1260 2673 adhibeant,
1284 2590 1402 2658 in'ea-

285 2712 353 2779 qne
370 2711 409 2756 re
430 2711 506 2757 eam
524 2690 613 2757 viam
634 2690 880 2781 ingrediantur,
913 2714 1003 2782 qnae
1023 2692 1080 2775 iis,
1113 2692 1171 2779 qui
1190 2691 1280 2760 usuri
1299 2687 1403 2759 The-

284 2812 383 2858 sauro
399 2791 567 2875 illosum,
592 2793 755 2881 facillima
771 2793 816 2861 sit
835 2803 869 2862 et
884 2794 1028 2864 maxime
1046 2794 1237 2862 commoda.
1290 2794 1402 2876 Quae,

285 2902 323 2960 ut
350 2912 412 2959 nos
442 2891 580 2980 quidem
604 2894 844 2979 existimamus,
886 2918 930 2964 eo
960 2898 1166 2980 continetur,
1202 2905 1240 2963 nt
1267 2895 1404 2964 ludices

175 3054 179 3060 .
285 2993 618 3087 quampaucissimi,
652 2995 712 3064 sed
733 2996 786 3064 illi
801 3018 904 3084 quam
925 2996 1197 3086 locupletissimi,
1221 3017 1324 3084 qnam
1353 2997 1404 3066 ad

284 3098 485 3168 invenienda
501 3120 656 3188 quaeque
676 3099 855 3190 aptissimi,
881 3096 1026 3189 denique
1047 3121 1150 3187 quam
1164 3097 1403 3168 accuratissimi
1513 3171 1514 3182 ,

284 3202 320 3272 ἰιι
336 3202 700 3280 numerisroluminnm
720 3201 987 3294 paginarumque
1009 3201 1194 3271 indicandis
1216 3203 1289 3270 sint.
1328 3201 1401 3270 Pn-

285 3313 393 3374 tamus
408 3313 519 3373 antem
534 3327 603 3374 non
616 3305 747 3398 plnres,
773 3328 875 3395 qnam
891 3315 957 3376 tres
978 3329 1049 3376 esse
1066 3305 1198 3374 Indices
1215 3303 1400 3389 faciendos,
1513 3305 1514 3316 ’

284 3408 396 3502 primo
420 3408 608 3494 Graecum,
641 3409 885 3478 vocabulorum
906 3431 1086 3498 rerumque
1108 3409 1277 3492 omnium,
1312 3429 1400 3495 quae

284 3513 320 3582 in
336 3511 407 3582 hoc
422 3511 599 3581 Thesauro
614 3520 812 3593 motantur3
844 3511 967 3582 deinde
984 3534 1103 3604 parem
1124 3509 1206 3582 huic
1225 3510 1399 3589 Latinnm;

285 3614 432 3705 denique
453 3617 588 3704 tertium
608 3615 826 3706 scriptorum,
850 3637 995 3706 quorum
1010 3615 1081 3685 loci
1102 3615 1157 3683 vel
1181 3614 1398 3705 explicantur,
1512 3645 1513 3716 l

285 3718 342 3787 vel
363 3718 590 3788 emendantur.
639 3719 754 3808 Atque
770 3717 840 3787 hoc
851 3720 1060 3810 potissimum
1077 3716 1262 3802 inlntlioe,
1288 3738 1398 3804 quon·
1512 3719 1513 3725 ’

265 3820 355 3888 “iam
374 3821 501 3890 infinita
526 3831 577 3890 est
600 3822 754 3891 locorum
776 3844 818 3890 ex
846 3822 984 3914 singulis
1004 3819 1220 3912 scriptoribus
1238 3829 1398 3890 tracmn·
1511 3879 1512 3882 ,

287 3947 363 3992 rum
380 3925 579 4007 multitudo,
617 3924 704 3992 illud
729 3924 864 3993 omnino
885 3926 1106 3996 necessarium
1126 3923 1329 4006 iudicamus,
1363 3929 1398 3988 ut

286 4046 355 4094 non
370 4028 480 4096 solum
501 4036 732 4096 enumerentur
753 4028 823 4097 loci
844 4028 895 4096 illi
916 4050 1049 4112 omnes,
1074 4025 1133 4094 sed
1154 4026 1253 4094 etiam
1274 4049 1317 4094 eo
1342 4045 1397 4092 or-

287 4128 367 4196 ‹line
383 4129 620 4223 disponantur,
645 4153 715 4221 quo
738 4130 831 4223 apud
852 4153 1022 4221 quemque
1042 4129 1238 4220 scriptorem
1251 4152 1324 4196 sese
1339 4149 1397 4196 ex·

287 4229 423 4322 cipiunt·
474 4234 563 4309 Nam
584 4234 675 4324 quis,
699 4233 845 4325 exempli
869 4257 1001 4320 mussa,
1034 4234 1061 4304 si
1082 4255 1117 4300 se
1136 4231 1322 4301 meminerit
1343 4232 1397 4298 lo-

287 4325 366 4408 curri
379 4333 526 4426 aliquem
541 4359 583 4406 ex
601 4335 713 4428 primo
731 4339 820 4408 libro
844 4337 957 4408 Iliadis
976 4343 1154 4409 osonum
1166 4335 1306 4428 legisse,
1331 4355 1397 4402 non
