3078 5026
517 420 835 484 nrssrnrurro
860 423 885 486 ι
1196 395 1259 499 ιιι

143 589 296 692 ποιηταὶ
316 589 376 666 καὶ
397 598 434 667 οἱ
451 591 621 723 τραγικοὶ
641 621 772 694 χσρσυς
793 601 969 686 ἵστασαν,
999 601 1041 670 οἳ
1059 589 1109 670 roi
1129 591 1260 694 χοριιισῖ

142 693 380 816 υἰριιρίυσυτσ
400 724 458 770 ιαι
451 693 563 819 prino
584 700 692 796 μέλη·
717 692 939 796 συνειστήκει
953 696 1034 772 (hi
1011 727 1032 774 o
1053 700 1124 793 μὲν
1140 727 1260 794 καμι-

143 793 203 878 ιιός
218 802 253 880 ἐξ
253 795 446 925 ἀνδρῶν
423 827 444 896 η
461 793 506 895 δη
518 799 578 876 καὶ
589 800 786 893 γυναικοῖν,
813 799 908 894 ὁμου
895 801 964 876 tt
984 801 1043 876 ιιαι
1065 829 1102 876 ιιι
1120 802 1260 876 παίδων

144 895 206 982 ιδ’,
234 926 280 982 ως
296 900 356 972 καὶ
369 897 474 984 οὗτος
488 897 779 1026 ἁπηρίθμησιυ’
762 930 800 977 ευ
812 901 1050 1000 ΙὈρυισιυ,”
1024 907 1177 1023 apparas
1190 905 1261 996 μὲν

145 1001 245 1099 ὄρνις
267 997 325 1094 ιβ’,
359 1004 507 1124 θηλείας
535 1005 572 1078 δὲ
598 999 796 1088 τοσαύτας·
836 1003 922 1080 σδὲ
944 1033 1114 1104 spayruoc
1135 1007 1188 1094 ιε’,
1215 1004 1261 1088 oie

143 1099 327 1195 Αισχύλος
368 1101 630 1201 Αγαμέμυσυι.
709 1111 877 1199 Apertum
914 1119 982 1230 est,
1032 1108 1261 1184 doctissimum

144 1209 402 1302 grammaticum
431 1234 489 1295 ea,
515 1233 603 1300 quae
627 1209 672 1278 de
695 1209 793 1280 chori
817 1213 967 1305 personis
984 1212 1118 1298 dicit,
1109 1233 1261 1304 ipsorum

145 1313 342 1383 auctoritate
361 1315 771 1403 poetarum-confirmare.
823 1318 877 1385 Ae
901 1315 948 1384 de
967 1316 1101 1388 comico
1120 1315 1261 1404 quidem

145 1414 253 1483 choro
278 1405 542 1506 Aristophanem
573 1417 717 1488 advocat
748 1427 885 1502 testem,
926 1418 987 1508 qui
1015 1417 1200 1488 iuAribus
1225 1437 1259 1484 v.

145 1516 232 1586 298.
251 1541 343 1608 seqq.
362 1517 459 1588 chori
473 1541 632 1612 personas
652 1530 805 1589 numeret
824 1521 949 1605 XXIV,
976 1520 1022 1590 de
1042 1521 1173 1612 tragico
1197 1541 1261 1588 au-

143 1628 214 1688 tem
228 1621 436 1711 Aeschylum
449 1623 484 1690 in
498 1624 773 1716 Agamemnouez
798 1623 886 1695 cur?
910 1647 987 1692 non,
998 1647 1078 1691 sane
1093 1623 1193 1691 aliam
1213 1623 1260 1691 oh

144 1745 310 1810 caussam,
336 1749 439 1814 quam
453 1726 532 1816 quia
550 1727 584 1794 in
597 1725 664 1795 hac
685 1726 803 1795 fabula
816 1727 914 1798 chori
932 1749 1096 1818 personae
1109 1726 1262 1818 singulae

142 1827 317 1915 loquentes
338 1828 612 1920 introducantur,
648 1853 690 1899 ex
711 1852 819 1920 eaque
841 1854 880 1899 re
902 1830 967 1903 XV
993 1852 1064 1899 esse
1086 1829 1260 1923 appareat.

74 2007 78 2015 ,
143 1929 194 1998 lta
232 1939 281 1999 est
317 1941 438 2001 autem.
503 1935 609 2018 Nam,
652 1934 747 2026 quod
771 1935 923 2002 nondum
959 1956 981 2001 a
1009 1955 1182 2022 quoquam
1211 1940 1270 2002 est
1384 1976 1388 1983 .

144 2033 430 2122 animadversum,
462 2037 670 2126 Aeschylus,
704 2039 875 2123 inventor,
909 2045 947 2104 ut
967 2037 1120 2124 videtur,
1161 2035 1262 2104 huius
1389 2075 1395 2098 ι

143 2136 212 2222 rei,
242 2149 400 2230 receptae
424 2148 544 2231 postea
567 2163 588 2206 a
609 2141 748 2208 caeteris
770 2140 922 2230 tragicis,
947 2140 983 2206 in
1004 2141 1263 2230 Agamemnone
1343 2149 1360 2188 ’-

144 2262 260 2310 omnes
291 2241 388 2311 chori
417 2263 576 2330 personas
603 2241 723 2308 ordine
754 2263 903 2310 seorsum
925 2242 1028 2308 serlus
1061 2241 1176 2310 facere
1199 2262 1277 2308 vo-

142 2343 222 2410 luite
253 2342 358 2432 idqne
379 2344 426 2413 sic
449 2344 601 2426 instituit,
633 2351 690 2426 ut,
722 2343 811 2412 siirl
841 2343 922 2413 alibi
945 2343 1116 2410 obscurius
1148 2343 1263 2410 facere

142 2445 316 2529 videatur,
348 2444 408 2512 hie
434 2469 474 2512 ea
495 2468 548 2513 res
576 2447 682 2512 latere
703 2445 806 2536 *nullo
832 2444 939 2512 modo
967 2444 1082 2534 possit.
1147 2444 1264 2528 Quare

144 2549 385 2640 grammaticus
408 2547 469 2616 iste
490 2550 784 2641 Agamemnonem
804 2570 888 2638 prae
912 2545 983 2614 aliis
1006 2545 1129 2614 fabulis
1152 2544 1264 2614 uomi-

143 2652 245 2724 navit.
297 2652 358 2719 Est
381 2660 495 2719 autem
514 2653 574 2719 ille
588 2652 684 2720 locus
706 2674 727 2717 a
748 2674 779 2718 v.
796 2647 908 2717 1353.
931 2648 989 2717 ubi
1013 2651 1145 2719 scribae
1159 2650 1265 2724 'semi-
1305 2658 1308 2664 '

145 2752 265 2824 choria
285 2755 541 2840 constituerunt,
567 2755 686 2844 quibus
705 2753 792 2822 nihil
807 2752 868 2822 hic
879 2753 964 2845 fingi
979 2753 1092 2844 potuit
1104 2751 1261 2845 ineptius.

144 2859 232 2925 Nam
247 2857 274 2926 si
291 2857 384 2926 istud
404 2859 614 2948 colloquium
632 2857 719 2926 inter
740 2856 810 2927 duo
826 2855 1026 2928 semichoria
1046 2856 1262 2941 distribuitur,

145 2960 233 3029 adeo
253 2960 336 3030 istae
357 2983 523 3054 personae
538 2963 759 3034 inconstantes
778 2970 811 3030 et
825 2961 944 3053 inopes
967 2961 1098 3031 consilii
1114 2969 1199 3043 sunt,
1214 2969 1263 3027 ,ut

145 3086 212 3152 non
226 3064 351 3148 modo,
376 3065 459 3153 quid
474 3077 589 3158 agant,
614 3066 785 3150 nesciant,
811 3064 872 3132 sed
895 3086 1030 3153 semper
1052 3087 1073 3130 a
1090 3060 1262 3131 contrariis

144 3166 190 3234 ad
212 3167 374 3235 contraria
395 3171 617 3253 transvolent,
650 3189 784 3236 morum
807 3167 954 3254 certique
976 3165 1103 3256 ingenii
1124 3165 1311 3256 prorsuslo

145 3279 307 3361 expertes.
359 3269 478 3339 Divisis
494 3295 574 3355 vero
597 3272 666 3339 istis
686 3271 834 3338 versibus
847 3269 933 3360 inter
954 3268 1147 3357 quindecim
1167 3268 1266 3337 chori

144 3395 323 3463 personas,
353 3395 422 3442 non
450 3375 556 3442 modo
580 3397 677 3444 suum
699 3372 820 3463 cuique
845 3371 1017 3464 ingenium
1040 3382 1171 3457 manet,
1204 3369 1266 3437 sed

146 3475 247 3544 etiam
273 3483 384 3544 motus
401 3477 511 3546 oritur
524 3477 750 3562 incredibilis,
777 3476 835 3565 qui
854 3475 913 3546 hic
929 3499 972 3542 eo
988 3476 1097 3564 magis
1119 3482 1190 3542 erat
1204 3495 1262 3540 ne-

144 3579 323 3664 cessarius,
355 3587 393 3646 ut
419 3600 462 3648 ne
482 3581 556 3649 linis
579 3581 717 3650 fabulae
745 3589 824 3670 post
847 3576 1020 3645 horrenda
1042 3577 1104 3650 illa
1124 3576 1267 3644 Cassan-

144 3679 228 3749 ‹lrae
243 3683 398 3752 vaticinia
411 3683 673 3776 elanguesceret.
724 3681 860 3748 Initium
875 3680 968 3748 istius
985 3679 1057 3748 loci
1072 3679 1120 3748 sic
1138 3677 1267 3747 deseri-

143 3784 296 3854 bendum
315 3794 381 3854 est:

429 3912 508 3984 στρ.
611 3884 985 3962 ΑΓΑΜΕΜΝΩΝ

277 3987 373 4085 ᾥμοι
389 3992 594 4110 πέπληγμαι
614 3989 760 4084 ιιαιρίαυ
776 3983 942 4110 πληγηυ
928 3991 1007 4062 ἔσω

612 4096 800 4172 ΧῸΡΟΥ
844 4121 864 4164 o
918 4119 953 4163 α.

152 4223 155 4231 ·
276 4197 377 4288 σῖγα
403 4193 458 4276 τίς
480 4189 660 4292 πληγήν
636 4199 744 4272 αὕτεῖ
756 4193 901 4290 καιρίως
917 4187 1161 4286 σιτουμένοις

427 4294 568 4370 dorcas.
614 4296 985 4390 ΑΓΑΜΕΜΝΩΝ.

279 4397 375 4495 ὤμοι
391 4395 481 4494 ntt‘
506 4395 632 4486 aton,
658 4401 831 4499 δευτέραν
846 4397 1100 4570 πιπληγΙμιὲυσς.
