3080 5054
221 563 226 582 ·
310 530 313 539 '
335 527 415 614 Quo
441 527 536 595 fonte
559 534 687 597 mentes
705 527 868 598 fervidior
885 529 975 623 rigat

112 671 114 676 ·
178 637 194 726 ἧ
335 633 459 726 Septos
488 629 615 732 cupido
640 653 798 724 rumpere
822 634 980 719 tramites,

269 725 276 740 ⁸
386 735 580 822 Famaeque
601 742 722 804 cuncto
748 734 857 804 dictus
885 738 980 822 orbe,

442 837 570 906 lndclis
596 829 746 930 ingenuo
769 840 889 930 lepore

204 337 208 356 '
285 355 328 419 m
348 296 592 416 sonunmovs
610 352 733 416 neom
760 351 1149 423 suursnnovummvs.
1206 363 1268 426 au
1528 292 1531 456 i

1531 738 1533 784 4

336 1110 425 1181 Saxo
447 1109 576 1178 renidet
597 1109 710 1200 gloria
730 1109 883 1201 gentium

338 1212 615 1282 Germanicarum
633 1222 669 1281 et
689 1214 912 1305 praecipuum
929 1210 1043 1298 decus,

387 1317 486 1408 ipsae
510 1315 630 1408 relicto
652 1338 754 1405 quem
778 1324 939 1407 sequutae
1003 1399 1007 1412 .

439 1418 632 1488 Vmbrifero
655 1419 836 1489 Helicone·
849 1419 971 1488 Musae

335 1692 475 1760 lunxere
497 1691 612 1760 sedem
637 1699 856 1784 perpetuam,
882 1699 917 1760 et
930 1700 1032 1760 'sacro

336 1796 434 1865 Nunc
456 1815 515 1864 ore
539 1803 666 1866 certant
684 1795 887 1878 incolumem
910 1794 1041 1879 Tuam,
1094 1837 1096 1840 -

387 1896 423 1970 0
443 1899 540 1987 Rex,
569 1896 695 1983 fidem,
719 1914 943 1994 praesensque
962 1899 1086 1992 longos

436 2001 564 2070 Dicere
577 2001 783 2091 praesidium
799 2025 864 2095 per
880 2024 995 2088 annos,

334 2269 509 2361 „Salve,“
535 2279 710 2355 canentes,
744 2270 907 2360 „optime
928 2271 1140 2365 principum,

336 2376 407 2461 Qui
425 2375 534 2442 Iustus
559 2374 670 2457 omui,
695 2374 754 2462 qui
776 2373 909 2442 Patriae
928 2383 1026 2463 pater

391 2475 574 2549 vocandus
592 2498 696 2561 aevo,
728 2497 793 2566 per
810 2476 977 2548 minorum

436 2580 568 2651 Nobilis
587 2579 741 2648 historias
762 2580 880 2648 ferere.

334 2854 393 2922 Tu
413 2854 472 2942 qui
488 2853 657 2944 gobemat
679 2873 733 2919 res
752 2841 929 2920 hominum
949 2851 1032 2922 deus

333 2956 446 3041 Fidis,
477 2977 675 3047 precamur,
700 2951 889 3023 Saxonibus
911 2954 995 3024 Tuis

389 3059 548 3127 Praeesse
571 3058 629 3125 det
654 3079 744 3124 seros
765 3058 800 3124 in
823 3078 927 3124 annos

437 3161 602 3230 Nestorea
622 3157 773 3230 validum
796 3166 939 3230 senecta

226 3497 228 3500 .
335 3432 462 3500 Nestor·
478 3441 615 3521 quoque
635 3431 727 3508 anuis
751 3451 793 3500 oc
818 3432 981 3523 sapientia

334 3536 463 3604 Vicisse
485 3536 589 3604 claret
611 3532 844 3626 Graiugenum
871 3534 991 3603 duces:

285 3667 294 3686 ν
387 3637 460 3706 Sed
482 3637 577 3716 sortis
606 3636 700 3706 haud
720 3660 838 3728 expers
860 3637 1010 3726 iniquae,

409 3787 411 3792 .
437 3738 622 3810 Antilocho
647 3739 758 3809 doluit
774 3749 965 3834 perempto.

334 4027 439 4112 Quod
467 4030 495 4096 si
518 4029 659 4099 nitentes
676 4030 744 4098 iam
767 4030 902 4099 brevior
925 4027 1004 4098 Tua

335 4132 402 4201 Per
422 4154 531 4223 regua
551 4133 673 4204 flauas
693 4134 791 4202 Albis
814 4135 887 4224 agit
906 4139 1017 4222 pater,

389 4232 456 4302 Vel
474 4235 633 4304 terminos
651 4243 799 4312 moestae
817 4236 939 4302 refixus

437 4336 590 4407 Saluides
609 4361 772 4432 gemuere
792 4336 964 4430 nymphae
970 4359 982 4418 3
