3058 5046
555 343 878 408 DlSSERTATIO.
1207 347 1274 414 218

157 511 368 607 „1alouo.,
391 511 665 602 coronantur,
698 516 822 607 inquit,
854 515 988 588 diversi
1012 517 1150 589 numeri
1157 541 1169 587 .·
1205 516 1273 588 Te-

154 619 321 704 „rentius
342 618 379 686 in
396 617 586 707 Eumwlro,
612 619 656 688 Si
679 622 864 712 quisquam
886 628 956 708 est,
981 621 1042 712 qai
1061 619 1214 713 placere
1233 643 1273 692 se

155 721 352 807 „studeant
372 719 470 790 bonis
493 731 556 789 etc.
612 721 809 817 Quisquam
836 721 929 790 enim
950 723 1003 791 ud
1026 723 1153 792 mattos
1170 725 1273 794 intel·

154 825 342 916 „legitate
367 823 540 914 qrtomodo
565 826 602 893 ia
624 825 819 918 Adelphis,
850 823 1000 918 Aperite
1019 826 1149 918 uliquis
1170 834 1278 896 actu-1

154 934 270 1014 ,‚tum.
323 927 391 994 Vbi
404 926 584 997 Putsclrius
604 929 743 1018 quidem
765 927 908 998 studeat
928 928 1043 1013 dedit,
1066 930 1169 1020 plane
1189 951 1273 998 con-

153 1038 237 1116 „tra
256 1029 326 1100 loci
348 1029 556 1100 senteutiam.
603 1034 651 1101 At
672 1039 776 1100 testor
797 1053 877 1126 ego.
890 1053 947 1114 me
969 1032 1006 1099 in
1023 1041 1180 1122 quattuor
1197 1033 1274 1100 Pri·

155 1123 288 1220 „sciani
319 1134 566 1225 exemplaribus
595 1134 764 1203 studeant
794 1135 1023 1226 repperisse.“
1090 1133 1273 1227 indignum

33 1251 38 1268 “
155 1257 257 1320 vero,
281 1244 409 1304 tantum
435 1235 543 1304 virum
564 1237 610 1304 ob
633 1229 799 1305 tantillam
820 1237 960 1306 remita
982 1260 1018 1306 se
1039 1255 1177 1328 passum
1202 1261 1275 1306 esse

156 1338 344 1430 cupiditate
361 1337 489 1430 abripi,
514 1349 612 1408 utne
630 1363 651 1407 a
671 1339 791 1409 fraude
806 1338 945 1440 quidem
966 1347 1001 1408 et
1022 1339 1159 1411 fallacia
1178 1339 1274 1410 auxi-

155 1441 240 1528 lium
259 1450 376 1533 petere
396 1441 662 1534 adspernaretur.
677 1461 680 1470 “
695 1442 765 1513 Gur
788 1442 876 1510 cuim
895 1441 1015 1527 tacuit,
1048 1452 1082 1511 et
1101 1443 1273 1512 Donatum

153 1544 217 1638 isto
245 1544 345 1628 loco,
378 1566 482 1633 quem
508 1544 625 1631 affert,
661 1545 705 1614 ad
729 1545 836 1615 Andr.
855 1545 915 1615 lv.
938 1543 981 1632 l,
1004 1543 1040 1613 3.
1074 1553 1110 1616 et
1127 1546 1274 1617 Plistia--

153 1667 253 1734 num,
279 1648 379 1716 etiam
400 1647 499 1716 illum
522 1670 656 1718 versum
677 1648 857 1735 adiecisse,

308 1801 345 1869 in
370 1799 426 1870 leis
439 1808 552 1912 poeta
571 1801 629 1870 lu'c
644 1824 767 1870 nomen
779 1797 974 1896 profitetur
987 1795 1119 1870 mum?

152 1955 207 2022 Ex
228 1975 298 2043 quo
320 1939 444 2046 aperte
462 1955 755 2044 consequitur,·ut
771 1956 943 2046 potuerint
965 1955 1083 2048 legere
1096 1951 1291 2041 undena,
1360 2015 1362 2022 ,

153 2065 268 2125 tamen
285 2079 354 2124 non
372 2057 482 2126 solum
502 2081 570 2126 non
595 2059 673 2126 luce
695 2059 835 2142 clarius,
869 2058 930 2126 sed
950 2060 1063 2150 potius
1085 2058 1186 2126 valde
1203 2057 1273 2126 du-

130 2155 248 2226 ''birun
273 2181 360 2246 esse,
392 2157 429 2225 id
452 2181 509 2228 eos
533 2159 675 2228 inlibris
701 2160 766 2227 suis
789 2159 964 2244 habuisse,
991 2183 1112 2250 quum,
1136 2169 1175 2227 ut
1192 2160 1273 2251 plu·
1370 2235 1373 2245 ¹

100 2259 102 2262 ’
151 2261 261 2328 ralem
291 2271 325 2330 et
347 2261 551 2352 singularem
582 2260 741 2353 coniungi
771 2260 1002 2347 ostenderent,
1039 2259 1190 2330 illudio
1218 2261 1273 2330 tta

152 2363 380 2432 adiiciendum
406 2364 578 2448 duxerint,
604 2386 690 2452 quo,
716 2363 744 2430 si
767 2363 934 2432 studeant
954 2365 1132 2455 legebant,
1158 2385 1281 2434 carere.

153 2474 247 2536 certe
267 2466 462 2558 potuissent.
530 2466 600 2534 Gur
627 2475 738 2532 autem
767 2465 825 2534 hic
849 2464 951 2554 illud,
998 2465 1060 2533 nisi
1081 2464 1275 2557 decipiendi
1315 2479 1317 2486 ’

152 2569 289 2638 lectoris
311 2592 444 2654 caussa,
480 2570 584 2641 tacuit
604 2569 788 2654 Bentleius‚
815 2578 850 2636 et
871 2590 939 2635 non
958 2567 1002 2636 ad
1023 2567 1148 2635 Heaiit.
1169 2567 1213 2636 11.
1234 2566 1272 2652 4,
1315 2572 1319 2585 '

46 2739 49 2742 .
155 2670 217 2745 12.
241 2673 301 2740 ubi
321 2676 425 2765 plane
451 2671 516 2759 ita,
551 2681 588 2739 ut
614 2681 649 2740 et
673 2667 824 2739 Donatus
847 2681 880 2740 ct
903 2671 1089 2743 Priscianus
1114 2671 1270 2739 videntur
1278 2678 1319 2741 18

154 2773 316 2856 voluisse,
347 2777 476 2846 scribit:
508 2775 677 2862 „mutatio
700 2785 750 2843 est
773 2771 922 2862 numeri,
960 2783 997 2842 ut
1014 2775 1102 2842 Eun.
1126 2774 1267 2869 Prolog.
1337 2829 1346 2848 ·.

153 2878 212 2966 „si
233 2879 419 2970 qaisquam
437 2886 489 2947 eat
507 2917 559 2930 --
580 2879 615 2946 ia
638 2877 726 2948 hia.“
763 2879 816 2946 lta
837 2878 944 2948 omnis
959 2878 1018 2946 illa
1031 2878 1212 2969 disputatio
1230 2899 1272 2947 eo

154 2980 260 3064 redit,
294 2991 331 3050 ut
352 2981 437 3050 nihil
456 3004 522 3074 pro
543 2982 607 3050 isto
630 2981 798 3051 studeant
818 2969 1023 3073 protulerim-⁴
1050 3004 1152 3069 quarn
1172 2990 1273 3070 quat-

157 3093 234 3152 tuor
249 3085 325 3153 illos
342 3085 447 3153 libros
469 3084 644 3168 Prisciani,
670 3107 816 3172 quorum
840 3105 909 3152 nou
929 3082 1062 3152 videtur
1084 3105 1281 3174 permagna.

155 3187 332 3258 auctoritas
352 3210 443 3272 esse,
468 3209 573 3275 quum
590 3195 624 3254 et
642 3197 851 3274 postremum
863 3206 997 3252 versum
1012 3183 1182 3254 addiderit
1196 3187 1271 3254 Pri·

154 3290 303 3375 scianus,
328 3312 439 3378 neque
460 3289 505 3356 de
526 3289 590 3356 isto
613 3288 781 3356 studeant
811 3285 995 3376 quidquam
1021 3285 1158 3373 dinem,
1186 3283 1271 3358 etin
1309 3305 1311 3310 ’

153 3389 226 3479 his,
259 3415 347 3482 quac
369 3393 414 3460 de
433 3391 558 3482 plurali
585 3389 683 3478 dicit,
715 3390 819 3458 verba
840 3391 877 3458 ia
899 3388 954 3458 iris
977 3389 1089 3479 potius
1106 3399 1272 3480 spectasse
1328 3389 1330 3397 '

152 3493 324 3581 videatur,
355 3505 393 3563 ut
409 3495 467 3584 qui
482 3495 634 3568 Terentii
654 3494 768 3563 locum
783 3515 862 3564 curn
884 3491 955 3560 hoc
976 3490 1161 3582 Sophoclis
1175 3513 1272 3561 conr-
1304 3506 1308 3512 ·

151 3599 502 3690 paretinAutigona‚
527 3620 557 3664 v.
575 3595 661 3665 tot.
1320 3589 1322 3596 ’

197 3787 199 3794 ψ
229 3785 233 3794 ·
308 3735 402 3816 ὄιτις
416 3759 485 3830 γαρ
502 3735 612 3812 curor
627 3760 650 3829 η
658 3737 818 3850 φρονεῖν
832 3726 945 3824 μόνοι
959 3734 1067 3815 δοκεῖ,

305 3837 528 3962 ἢγλῶσσαν,
556 3834 600 3933 ἢν
623 3829 686 3907 οὐκ
711 3833 884 3919 ἄλλοι,
861 3861 883 3930 η
906 3855 1027 3930 paxae
1051 3836 1160 3923 ἔχειν,
1226 3833 1228 3838 ’

306 3935 411 4012 οὗτοι
441 3939 748 4028 διαπτυχθέντες,
783 3934 960 4035 ὤφθησαν
984 3937 1091 4010 aeoot'

219 4075 416 4167 Sequitur
444 4075 553 4143 statim
583 4074 675 4166 apud
703 4071 917 4142 Terentium:

304 4219 380 4284 tum
395 4212 427 4280 si
442 4211 519 4303 quis
533 4181 603 4294 est,
630 4230 688 4302 qm
681 4208 874 4277 ''dictum
860 4231 897 4276 m
917 4231 957 4280 se
971 4175 1210 4322 inclementius

307 4314 522 4384 existimabit
541 4335 633 4398 esse,
658 4313 711 4382 sic
730 4311 913 4385 eaistimet.

205 4417 329 4488 Ηιιιιιι.
356 4415 493 4488 01³..ll
1045 4411 1072 4484 S
1183 4485 1185 4488 ,
1267 4367 1270 4374 ¹
