3080 5054
142 1425 163 1506 .·
229 1392 316 1496 ou
354 1406 650 1498 resonum
696 1389 1058 1502 ennaremus
1091 1409 1147 1529 ι).

579 1789 787 1808 m

131 2081 229 2186 Dixi
249 2115 285 2181 in
302 2112 548 2199 dissertatione,
581 2137 684 2204 quam
703 2113 877 2206 superiore
900 2139 987 2206 anno
1007 2117 1052 2186 de
1075 2106 1272 2209 composi-1

130 2223 224 2289 tione
244 2217 501 2308 tetralogiarum
523 2219 728 2309 tragicamm
752 2219 885 2311 scripsi,
921 2239 998 2288 eum
1029 2220 1249 2311 Supplicibus

130 2319 293 2412 Aeschyli
309 2322 501 2392 coniunctas
514 2321 614 2390 fuisse
629 2321 736 2390 videri
748 2320 925 2392 Danaides.
978 2323 1026 2392 Et
1044 2343 1252 2412 quamquam

129 2427 338 2516 fragmenta,
374 2445 527 2513 quaeex
546 2424 753 2496 Danaidibus
774 2432 970 2514 supersunt,
1007 2433 1083 2495 tam-
1101 2425 1252 2516 singula-

130 2550 206 2598 rem
222 2529 375 2608 eolorem
390 2527 575 2612 haherent2
597 2537 635 2595 ut
656 2528 764 2606 faeile
780 2529 922 2618 satyrica
939 2527 1046 2602 videri
1067 2551 1108 2598 ea
1133 2527 1252 2599 fabula

130 2627 264 2724 posset‚'
289 2628 508 2712 tarnennihil
522 2631 556 2712 in
568 2629 614 2714 'ijs
626 2631 791 2717 inveniri,
817 2631 911 2721 quod
924 2653 992 2700 non
1013 2631 1162 2709 etiamin
1182 2641 1252 2702 tra-

132 2725 261 2826 goedia
279 2727 375 2802 reete'
396 2741 430 2802 et
452 2755 676 2824 magnacum
697 2735 819 2812 vidici
845 2735 1027 2826 potuisset,
1058 2757 1123 2806 nec
1148 2734 1252 2809 facile

133 2835 210 2920 esse*
228 2837 419 2922 intellectu,
458 2835 634 2926 quomodo
656 2837 728 2906 hoc
750 2846 986 2930 argumentum
1011 2837 1137 2929 Satyris
1168 2861 1254 2908 eon-

132 2940 268 3008 veniret.
320 2943 408 3010 Eam
428 2961 501 3008 rem
518 2941 632 3009 oblata
649 2941 816 3016 scribendi
832 2943 1083 3034 opportunitate
1102 2965 1190 3018 nune
1205 2941 1254 3008 ita

132 3064 333 3134 persequar,
375 3052 433 3128 ut,
474 3047 625 3132 quamvis
651 3068 773 3135 pauca
809 3047 938 3138 reliqua
971 3047 1033 3116 sint
1061 3044 1252 3134 fragmenta

132 3145 343 3232 Danaidum,
367 3155 497 3231 tamen,
523 3147 623 3236 quale
646 3169 761 3216 earum
782 3154 1018 3238 argumentum
1041 3145 1253 3268 fuerit‚in-

131 3245 298 3370 vestigare
324 3248 488 3317 studeam.

234 3453 391 3524 Danaum
410 3447 544 3522 narrant
559 3449 648 3520 tilios
666 3451 821 3546 Aegypti
840 3459 1045 3524 metuentem
1064 3473 1143 3523 oum
1161 3451 1252 3520 tilia-

132 3559 196 3626 bus
224 3559 357 3649 Argos,
403 3581 490 3647 quae
514 3547 650 3645 antiqua
674 3557 785 3680 patria
809 3565 903 3643 erat‚'
945 3555 1148 3648 confugisse.
1198 3554 1253 3623 Ibi

133 3683 243 3754 regno
262 3661 426 3753 potitum,
452 3659 695 3752 Aegyptiadis,
728 3660 849 3748 quiea
871 3681 989 3736 caussa
1012 3659 1126 3752 Argos
1147 3681 1253 3728 vene-

134 3773 226 3885 rant,
253 3764 469 3857 despondisse
493 3763 630 3854 quidem
645 3762 747 3849 filias,
770 3763 839 3834 sed
858 3765 946 3834 elam
962 3761 1188 3849 mandavisse,
1215 3769 1253 3831 ut

132 3866 244 3959 prima
274 3877 376 3938 nocte
406 3890 507 3960 spons
493 3891 545 3935 sos
582 3867 823 3936 interimerent·
870 3867 965 3961 quod
993 3865 1113 3936 fecisse
1135 3887 1252 3934 omnes

132 3979 268 4062 praeter
285 3971 603 4070 Hypermestram,
636 3994 724 4063 quae
745 3995 851 4062 quum
876 3971 1016 4066 Lynceo
1047 3991 1171 4062 sponso
1190 3992 1252 4040 suo

137 4211 345 4231 *ιι-

172 4331 314 4446 uuam
340 4371 386 4436 aa
407 4383 436 4428 ι.
460 4364 553 4429 raso.
