<?xml version="1.0" encoding="UTF-8"?>
<!DOCTYPE html PUBLIC "-//W3C//DTD XHTML 1.0 Transitional//EN"
    "http://www.w3.org/TR/xhtml1/DTD/xhtml1-transitional.dtd">
<html xmlns="http://www.w3.org/1999/xhtml" xml:lang="en" lang="en">
 <head>
  <title>
</title>
<meta http-equiv="Content-Type" content="text/html;charset=utf-8" />
  <meta name='ocr-system' content='tesseract 3.04.00' />
  <meta name='ocr-capabilities' content='ocr_page ocr_carea ocr_par ocr_line ocrx_word'/>
</head>
<body>
  <div class='ocr_page' id='page_1' title='image "./opuscula03hermgoog/opuscula03hermgoog_0041.png"; bbox 0 0 3120 5030; ppageno 0'>
   <div class='ocr_carea' id='block_1_1' title="bbox 304 297 1384 428">
    <p class='ocr_par' dir='ltr' id='par_1_1' title="bbox 304 297 1384 428">
     <span class='ocr_line' id='line_1_1' title="bbox 304 297 1384 428; baseline -0.001 -14"><span class='ocrx_word' id='word_1_1' title='bbox 304 360 348 423; x_wconf 74' lang='grc'><strong>30</strong></span> <span class='ocrx_word' id='word_1_2' title='bbox 380 355 439 416; x_wconf 86' lang='lat' dir='ltr'><strong>DE</strong></span> <span class='ocrx_word' id='word_1_3' title='bbox 466 351 672 417; x_wconf 84' lang='lat' dir='ltr'><strong>LEGlBVS</strong></span> <span class='ocrx_word' id='word_1_4' title='bbox 701 341 978 428; x_wconf 83' lang='lat' dir='ltr'><strong>QvlssvsulM</strong></span> <span class='ocrx_word' id='word_1_5' title='bbox 1008 297 1384 418; x_wconf 74' lang='lat' dir='ltr'><strong>svnulmoulltvs</strong></span> 
     </span>
    </p>
   </div>
   <div class='ocr_carea' id='block_1_2' title="bbox 159 519 1545 4480">
    <p class='ocr_par' dir='ltr' id='par_1_2' title="bbox 159 519 1545 4480">
     <span class='ocr_line' id='line_1_2' title="bbox 306 519 1423 624; baseline -0.004 -24"><span class='ocrx_word' id='word_1_6' title='bbox 306 523 371 600; x_wconf 84' lang='grc' dir='ltr'><strong><em>ούιι</em></strong></span> <span class='ocrx_word' id='word_1_7' title='bbox 387 523 471 600; x_wconf 74' lang='grc' dir='ltr'><strong><em>ἔσθ’</em></strong></span> <span class='ocrx_word' id='word_1_8' title='bbox 489 521 595 608; x_wconf 77' lang='grc' dir='ltr'><strong><em>οὗτος</em></strong></span> <span class='ocrx_word' id='word_1_9' title='bbox 615 519 724 622; x_wconf 78' lang='grc' dir='ltr'><strong><em>α’νὴρ,</em></strong></span> <span class='ocrx_word' id='word_1_10' title='bbox 751 520 832 597; x_wconf 78' lang='grc' dir='ltr'><strong><em>οὐδ’</em></strong></span> <span class='ocrx_word' id='word_1_11' title='bbox 855 525 1021 615; x_wconf 81' lang='grc' dir='ltr'><strong><em>ἔσσεται,</em></strong></span> <span class='ocrx_word' id='word_1_12' title='bbox 1048 521 1133 598; x_wconf 80' lang='grc' dir='ltr'><strong><em>σύδδ</em></strong></span> <span class='ocrx_word' id='word_1_13' title='bbox 1146 526 1305 624; x_wconf 74' lang='grc' dir='ltr'><strong>γένηται.</strong></span> <span class='ocrx_word' id='word_1_14' title='bbox 1332 525 1423 595; x_wconf 84' lang='lat' dir='ltr'><strong>Ger-</strong></span> 
     </span>
     <span class='ocr_line' id='line_1_3' title="bbox 305 627 1425 719; baseline -0.003 -19"><span class='ocrx_word' id='word_1_15' title='bbox 305 631 437 700; x_wconf 85' lang='lat' dir='ltr'><strong>manice</strong></span> <span class='ocrx_word' id='word_1_16' title='bbox 459 629 569 714; x_wconf 86' lang='lat' dir='ltr'><strong>dicas,</strong></span> <span class='ocrx_word' id='word_1_17' title='bbox 595 628 664 700; x_wconf 86' lang='lat' dir='ltr'><strong>der</strong></span> <span class='ocrx_word' id='word_1_18' title='bbox 686 629 731 697; x_wconf 79' lang='lat' dir='ltr'><strong>ist</strong></span> <span class='ocrx_word' id='word_1_19' title='bbox 752 628 866 712; x_wconf 81' lang='lat' dir='ltr'><strong>nicht,</strong></span> <span class='ocrx_word' id='word_1_20' title='bbox 892 631 967 697; x_wconf 84' lang='lat' dir='ltr'><strong>und</strong></span> <span class='ocrx_word' id='word_1_21' title='bbox 987 629 1082 698; x_wconf 78' lang='grc' dir='ltr'><strong>ιοίνιὶ</strong></span> <span class='ocrx_word' id='word_1_22' title='bbox 1100 628 1199 696; x_wconf 80' lang='lat' dir='ltr'><strong>nicht</strong></span> <span class='ocrx_word' id='word_1_23' title='bbox 1219 651 1323 719; x_wconf 76' lang='lat' dir='ltr'><strong>scyri,</strong></span> <span class='ocrx_word' id='word_1_24' title='bbox 1350 627 1425 698; x_wconf 85' lang='lat' dir='ltr'><strong>und</strong></span> 
     </span>
     <span class='ocr_line' id='line_1_4' title="bbox 259 728 1545 832; baseline 0.002 -36"><span class='ocrx_word' id='word_1_25' title='bbox 259 728 376 804; x_wconf 73' lang='lat' dir='ltr'><strong>tason</strong></span> <span class='ocrx_word' id='word_1_26' title='bbox 400 731 498 800; x_wconf 76' lang='lat' dir='ltr'><strong>nicht</strong></span> <span class='ocrx_word' id='word_1_27' title='bbox 521 749 617 822; x_wconf 70' lang='lat' dir='ltr'><strong>scyri.</strong></span> <span class='ocrx_word' id='word_1_28' title='bbox 670 730 830 799; x_wconf 86' lang='lat' dir='ltr'><strong>Similiter</strong></span> <span class='ocrx_word' id='word_1_29' title='bbox 851 741 885 818; x_wconf 84' lang='grc' dir='ltr'><strong>ζ.·</strong></span> <span class='ocrx_word' id='word_1_30' title='bbox 899 730 987 805; x_wconf 85' lang='grc'><strong>261.</strong></span> <span class='ocrx_word' id='word_1_31' title='bbox 1012 759 1051 826; x_wconf 87' lang='grc' dir='ltr'><strong>μ.</strong></span> <span class='ocrx_word' id='word_1_32' title='bbox 1068 728 1153 832; x_wconf 88' lang='grc'><strong>191.</strong></span> <span class='ocrx_word' id='word_1_33' title='bbox 1180 730 1252 800; x_wconf 85' lang='lat' dir='ltr'><strong>Sed</strong></span> <span class='ocrx_word' id='word_1_34' title='bbox 1268 732 1424 823; x_wconf 88' lang='lat' dir='ltr'><strong>plerum·</strong></span> <span class='ocrx_word' id='word_1_35' title='bbox 1544 799 1545 812; x_wconf 73' lang='lat'><strong>.</strong></span> 
     </span>
     <span class='ocr_line' id='line_1_5' title="bbox 304 832 1545 928; baseline 0 -24"><span class='ocrx_word' id='word_1_36' title='bbox 304 861 372 928; x_wconf 89' lang='lat' dir='ltr'><strong>que</strong></span> <span class='ocrx_word' id='word_1_37' title='bbox 399 835 551 905; x_wconf 85' lang='lat' dir='ltr'><strong>mollitur</strong></span> <span class='ocrx_word' id='word_1_38' title='bbox 578 832 667 902; x_wconf 86' lang='lat' dir='ltr'><strong>haec</strong></span> <span class='ocrx_word' id='word_1_39' title='bbox 696 833 914 925; x_wconf 81' lang='lat' dir='ltr'><strong>significatio,</strong></span> <span class='ocrx_word' id='word_1_40' title='bbox 961 843 1000 902; x_wconf 93' lang='lat' dir='ltr'><strong>ut</strong></span> <span class='ocrx_word' id='word_1_41' title='bbox 1031 834 1224 902; x_wconf 77' lang='lat' dir='ltr'><strong>dubitanter</strong></span> <span class='ocrx_word' id='word_1_42' title='bbox 1250 834 1425 924; x_wconf 88' lang='lat' dir='ltr'><strong>loquendo</strong></span> <span class='ocrx_word' id='word_1_43' title='bbox 1544 865 1545 892; x_wconf 58' lang='lat' dir='ltr'><strong>i</strong></span> 
     </span>
     <span class='ocr_line' id='line_1_6' title="bbox 304 931 1424 1035; baseline 0.001 -26"><span class='ocrx_word' id='word_1_44' title='bbox 304 941 462 1009; x_wconf 87' lang='lat' dir='ltr'><strong>affirmes.</strong></span> <span class='ocrx_word' id='word_1_45' title='bbox 521 937 617 1006; x_wconf 88' lang='lat' dir='ltr'><strong>Iliad.</strong></span> <span class='ocrx_word' id='word_1_46' title='bbox 641 963 672 1010; x_wconf 93' lang='grc' dir='ltr'><strong>ο.</strong></span> <span class='ocrx_word' id='word_1_47' title='bbox 697 935 782 1005; x_wconf 98' lang='grc'><strong>349.</strong></span> <span class='ocrx_word' id='word_1_48' title='bbox 810 934 928 1010; x_wconf 72' lang='lat' dir='ltr'><strong>oricoli</strong></span> <span class='ocrx_word' id='word_1_49' title='bbox 948 944 984 1010; x_wconf 83' lang='grc' dir='ltr'><strong>οἱ</strong></span> <span class='ocrx_word' id='word_1_50' title='bbox 1009 931 1177 1011; x_wconf 77' lang='grc' dir='ltr'><strong><em>δύνατον</em></strong></span> <span class='ocrx_word' id='word_1_51' title='bbox 1204 937 1424 1035; x_wconf 79' lang='grc' dir='ltr'><strong><em>μητίσομαι,</em></strong></span> 
     </span>
     <span class='ocr_line' id='line_1_7' title="bbox 306 1032 1426 1135; baseline -0.002 -21"><span class='ocrx_word' id='word_1_52' title='bbox 306 1040 393 1116; x_wconf 81' lang='grc' dir='ltr'><strong><em>ούδύ</em></strong></span> <span class='ocrx_word' id='word_1_53' title='bbox 419 1069 462 1115; x_wconf 86' lang='grc' dir='ltr'><strong>νν</strong></span> <span class='ocrx_word' id='word_1_54' title='bbox 489 1034 556 1113; x_wconf 81' lang='grc' dir='ltr'><strong>νύν</strong></span> <span class='ocrx_word' id='word_1_55' title='bbox 587 1066 627 1132; x_wconf 76' lang='grc' dir='ltr'><strong>με</strong></span> <span class='ocrx_word' id='word_1_56' title='bbox 657 1039 791 1131; x_wconf 73' lang='grc' dir='ltr'><strong><em>γνωτοί</em></strong></span> <span class='ocrx_word' id='word_1_57' title='bbox 814 1067 856 1113; x_wconf 81' lang='grc' dir='ltr'><strong>τε</strong></span> <span class='ocrx_word' id='word_1_58' title='bbox 880 1039 1016 1132; x_wconf 75' lang='grc' dir='ltr'><strong><em>γνωταί</em></strong></span> <span class='ocrx_word' id='word_1_59' title='bbox 1041 1069 1083 1113; x_wconf 80' lang='grc' dir='ltr'><strong>τι</strong></span> <span class='ocrx_word' id='word_1_60' title='bbox 1109 1032 1221 1135; x_wconf 76' lang='grc' dir='ltr'><strong><em>παρύς</em></strong></span> <span class='ocrx_word' id='word_1_61' title='bbox 1249 1035 1426 1131; x_wconf 78' lang='grc' dir='ltr'><em>λελάχωσι</em></span> 
     </span>
     <span class='ocr_line' id='line_1_8' title="bbox 303 1135 1426 1239; baseline -0.01 -19"><span class='ocrx_word' id='word_1_62' title='bbox 303 1138 496 1230; x_wconf 76' lang='grc' dir='ltr'><strong><em>θανόντα,</em></strong></span> <span class='ocrx_word' id='word_1_63' title='bbox 531 1135 624 1217; x_wconf 76' lang='grc' dir='ltr'><strong><em>οἷλλύ</em></strong></span> <span class='ocrx_word' id='word_1_64' title='bbox 652 1136 753 1223; x_wconf 88' lang='grc' dir='ltr'><strong><em>κύνες</em></strong></span> <span class='ocrx_word' id='word_1_65' title='bbox 778 1137 926 1237; x_wconf 80' lang='grc' dir='ltr'><strong><em>ἐρύουσι</em></strong></span> <span class='ocrx_word' id='word_1_66' title='bbox 950 1138 1024 1239; x_wconf 82' lang='grc' dir='ltr'><strong>πρό</strong></span> <span class='ocrx_word' id='word_1_67' title='bbox 1050 1142 1178 1223; x_wconf 79' lang='grc' dir='ltr'><em>ἄστεος</em></span> <span class='ocrx_word' id='word_1_68' title='bbox 1208 1139 1426 1239; x_wconf 72' lang='grc' dir='ltr'><strong><em>ἡμετέροισι</em></strong></span> 
     </span>
     <span class='ocr_line' id='line_1_9' title="bbox 304 1245 1426 1338; baseline -0.002 -22"><span class='ocrx_word' id='word_1_69' title='bbox 304 1247 400 1338; x_wconf 91' lang='lat' dir='ltr'><strong>quod</strong></span> <span class='ocrx_word' id='word_1_70' title='bbox 414 1245 535 1314; x_wconf 87' lang='lat' dir='ltr'><strong>cadem</strong></span> <span class='ocrx_word' id='word_1_71' title='bbox 556 1245 668 1336; x_wconf 81' lang='lat' dir='ltr'><strong>figura</strong></span> <span class='ocrx_word' id='word_1_72' title='bbox 683 1246 885 1315; x_wconf 79' lang='lat' dir='ltr'><strong>Germanice</strong></span> <span class='ocrx_word' id='word_1_73' title='bbox 905 1245 1014 1330; x_wconf 88' lang='lat' dir='ltr'><strong>dicas,</strong></span> <span class='ocrx_word' id='word_1_74' title='bbox 1048 1247 1100 1315; x_wconf 83' lang='lat' dir='ltr'><strong>sie</strong></span> <span class='ocrx_word' id='word_1_75' title='bbox 1118 1245 1230 1314; x_wconf 72' lang='lat' dir='ltr'><strong>tollen</strong></span> <span class='ocrx_word' id='word_1_76' title='bbox 1249 1246 1310 1314; x_wconf 75' lang='lat' dir='ltr'><strong>iim</strong></span> <span class='ocrx_word' id='word_1_77' title='bbox 1330 1245 1426 1314; x_wconf 80' lang='lat' dir='ltr'><strong>wohl</strong></span> 
     </span>
     <span class='ocr_line' id='line_1_10' title="bbox 303 1347 1543 1441; baseline -0.01 -21"><span class='ocrx_word' id='word_1_78' title='bbox 303 1349 402 1420; x_wconf 77' lang='lat' dir='ltr'><strong>nicht</strong></span> <span class='ocrx_word' id='word_1_79' title='bbox 422 1347 604 1440; x_wconf 74' lang='lat' dir='ltr'><strong>bestdtien.</strong></span> <span class='ocrx_word' id='word_1_80' title='bbox 657 1348 716 1418; x_wconf 84' lang='lat' dir='ltr'><strong>Sic</strong></span> <span class='ocrx_word' id='word_1_81' title='bbox 736 1372 818 1418; x_wconf 75' lang='lat' dir='ltr'><strong>vero</strong></span> <span class='ocrx_word' id='word_1_82' title='bbox 841 1349 928 1415; x_wconf 90' lang='lat' dir='ltr'><strong>illud</strong></span> <span class='ocrx_word' id='word_1_83' title='bbox 945 1348 1204 1441; x_wconf 83' lang='lat' dir='ltr'><strong>intelligendum</strong></span> <span class='ocrx_word' id='word_1_84' title='bbox 1227 1359 1292 1437; x_wconf 85' lang='lat' dir='ltr'><strong>est,</strong></span> <span class='ocrx_word' id='word_1_85' title='bbox 1319 1350 1425 1422; x_wconf 79' lang='grc' dir='ltr'><strong><em>ἕσσε-</em></strong></span> <span class='ocrx_word' id='word_1_86' title='bbox 1468 1419 1472 1426; x_wconf 47' lang='grc'><strong><em>,</em></strong></span> <span class='ocrx_word' id='word_1_87' title='bbox 1540 1399 1543 1407; x_wconf 81' lang='lat'><strong>.</strong></span> 
     </span>
     <span class='ocr_line' id='line_1_11' title="bbox 304 1445 1545 1552; baseline -0.01 -24"><span class='ocrx_word' id='word_1_88' title='bbox 304 1481 369 1528; x_wconf 81' lang='grc' dir='ltr'><strong>ναι</strong></span> <span class='ocrx_word' id='word_1_89' title='bbox 390 1448 511 1550; x_wconf 82' lang='grc' dir='ltr'><strong><em>ἦμαρ,</em></strong></span> <span class='ocrx_word' id='word_1_90' title='bbox 539 1447 601 1524; x_wconf 83' lang='grc' dir='ltr'><strong>ὅτ’</strong></span> <span class='ocrx_word' id='word_1_91' title='bbox 624 1449 677 1552; x_wconf 34' lang='grc' dir='ltr'><strong>ἄν]</strong></span> <span class='ocrx_word' id='word_1_92' title='bbox 691 1447 777 1525; x_wconf 82' lang='grc' dir='ltr'><strong><em>ποτ’</em></strong></span> <span class='ocrx_word' id='word_1_93' title='bbox 801 1447 915 1547; x_wconf 75' lang='grc' dir='ltr'><em>ὀλώλῃ</em></span> <span class='ocrx_word' id='word_1_94' title='bbox 934 1450 1046 1532; x_wconf 83' lang='grc' dir='ltr'><strong><em>Ἴλιος</em></strong></span> <span class='ocrx_word' id='word_1_95' title='bbox 1066 1445 1145 1544; x_wconf 82' lang='grc' dir='ltr'><strong><em>ἱρή,</em></strong></span> <span class='ocrx_word' id='word_1_96' title='bbox 1171 1451 1267 1520; x_wconf 84' lang='lat' dir='ltr'><strong>Iliad.</strong></span> <span class='ocrx_word' id='word_1_97' title='bbox 1290 1456 1320 1526; x_wconf 82' lang='grc' dir='ltr'><strong>δ.</strong></span> <span class='ocrx_word' id='word_1_98' title='bbox 1339 1449 1426 1518; x_wconf 88' lang='grc'><strong>164.</strong></span> <span class='ocrx_word' id='word_1_99' title='bbox 1544 1449 1545 1460; x_wconf 75' lang='grc'>’</span> 
     </span>
     <span class='ocr_line' id='line_1_12' title="bbox 305 1553 1545 1650; baseline -0.002 -27"><span class='ocrx_word' id='word_1_100' title='bbox 305 1565 332 1644; x_wconf 79' lang='grc' dir='ltr'><strong>ζ.</strong></span> <span class='ocrx_word' id='word_1_101' title='bbox 361 1554 448 1623; x_wconf 82' lang='grc'><strong>448.</strong></span> <span class='ocrx_word' id='word_1_102' title='bbox 470 1563 508 1621; x_wconf 92' lang='lat' dir='ltr'><strong>ut</strong></span> <span class='ocrx_word' id='word_1_103' title='bbox 529 1576 570 1621; x_wconf 88' lang='lat' dir='ltr'><strong>ex</strong></span> <span class='ocrx_word' id='word_1_104' title='bbox 593 1553 708 1644; x_wconf 89' lang='lat' dir='ltr'><strong>priore</strong></span> <span class='ocrx_word' id='word_1_105' title='bbox 735 1555 945 1650; x_wconf 85' lang='lat' dir='ltr'><strong>potissimum</strong></span> <span class='ocrx_word' id='word_1_106' title='bbox 974 1555 1054 1624; x_wconf 93' lang='lat' dir='ltr'><strong>loco</strong></span> <span class='ocrx_word' id='word_1_107' title='bbox 1080 1553 1285 1645; x_wconf 84' lang='lat' dir='ltr'><strong>intelligitur.</strong></span> <span class='ocrx_word' id='word_1_108' title='bbox 1346 1554 1426 1623; x_wconf 88' lang='lat' dir='ltr'><strong>Alia</strong></span> <span class='ocrx_word' id='word_1_109' title='bbox 1544 1577 1545 1585; x_wconf 52' lang='lat'>¹</span> 
     </span>
     <span class='ocr_line' id='line_1_13' title="bbox 159 1652 1545 1754; baseline -0.002 -23"><span class='ocrx_word' id='word_1_110' title='bbox 159 1707 160 1716; x_wconf 55' lang='lat'><strong>.</strong></span> <span class='ocrx_word' id='word_1_111' title='bbox 305 1657 464 1750; x_wconf 83' lang='lat' dir='ltr'><strong>exempla</strong></span> <span class='ocrx_word' id='word_1_112' title='bbox 482 1656 562 1725; x_wconf 84' lang='lat' dir='ltr'><strong>ride</strong></span> <span class='ocrx_word' id='word_1_113' title='bbox 585 1656 684 1725; x_wconf 86' lang='lat' dir='ltr'><strong>Iliad.</strong></span> <span class='ocrx_word' id='word_1_114' title='bbox 714 1686 746 1752; x_wconf 80' lang='lat' dir='ltr'><strong>y.</strong></span> <span class='ocrx_word' id='word_1_115' title='bbox 773 1657 834 1726; x_wconf 90' lang='grc'><strong>54.</strong></span> <span class='ocrx_word' id='word_1_116' title='bbox 854 1656 942 1732; x_wconf 76' lang='grc'><strong>411.</strong></span> <span class='ocrx_word' id='word_1_117' title='bbox 967 1663 996 1731; x_wconf 85' lang='grc' dir='ltr'><strong>λ.</strong></span> <span class='ocrx_word' id='word_1_118' title='bbox 1019 1655 1105 1727; x_wconf 83' lang='grc'><strong>386.</strong></span> <span class='ocrx_word' id='word_1_119' title='bbox 1126 1655 1214 1725; x_wconf 83' lang='grc'><strong>431.</strong></span> <span class='ocrx_word' id='word_1_120' title='bbox 1234 1669 1261 1741; x_wconf 75' lang='grc' dir='ltr'><strong>ε.</strong></span> <span class='ocrx_word' id='word_1_121' title='bbox 1282 1652 1370 1744; x_wconf 80' lang='grc'><strong>235.</strong></span> <span class='ocrx_word' id='word_1_122' title='bbox 1394 1683 1425 1729; x_wconf 80' lang='grc' dir='ltr'><strong>ο.</strong></span> <span class='ocrx_word' id='word_1_123' title='bbox 1544 1703 1545 1754; x_wconf 66' lang='lat' dir='ltr'><strong>l</strong></span> 
     </span>
     <span class='ocr_line' id='line_1_14' title="bbox 305 1754 1545 1851; baseline -0.002 -21"><span class='ocrx_word' id='word_1_124' title='bbox 305 1760 392 1830; x_wconf 81' lang='grc'><strong>398.</strong></span> <span class='ocrx_word' id='word_1_125' title='bbox 416 1788 447 1850; x_wconf 85' lang='grc' dir='ltr'><strong>χ.</strong></span> <span class='ocrx_word' id='word_1_126' title='bbox 464 1759 550 1828; x_wconf 89' lang='grc'><strong>244.</strong></span> <span class='ocrx_word' id='word_1_127' title='bbox 565 1755 652 1827; x_wconf 85' lang='grc'><strong>595.</strong></span> <span class='ocrx_word' id='word_1_128' title='bbox 682 1760 751 1833; x_wconf 84' lang='lat' dir='ltr'><strong>od.</strong></span> <span class='ocrx_word' id='word_1_129' title='bbox 775 1765 805 1834; x_wconf 90' lang='grc' dir='ltr'><strong>δ.</strong></span> <span class='ocrx_word' id='word_1_130' title='bbox 821 1759 908 1833; x_wconf 84' lang='grc'><strong>389.</strong></span> <span class='ocrx_word' id='word_1_131' title='bbox 925 1789 954 1833; x_wconf 83' lang='grc' dir='ltr'><strong>ιι.</strong></span> <span class='ocrx_word' id='word_1_132' title='bbox 974 1757 1060 1829; x_wconf 73' lang='grc'><strong>591.</strong></span> <span class='ocrx_word' id='word_1_133' title='bbox 1078 1786 1109 1832; x_wconf 89' lang='lat' dir='ltr'><strong>o.</strong></span> <span class='ocrx_word' id='word_1_134' title='bbox 1127 1754 1213 1829; x_wconf 87' lang='grc'><strong>265.</strong></span> <span class='ocrx_word' id='word_1_135' title='bbox 1264 1761 1324 1828; x_wconf 89' lang='lat' dir='ltr'><strong>Sic</strong></span> <span class='ocrx_word' id='word_1_136' title='bbox 1341 1783 1425 1851; x_wconf 77' lang='lat' dir='ltr'><strong>pos·</strong></span> <span class='ocrx_word' id='word_1_137' title='bbox 1544 1785 1545 1788; x_wconf 44' lang='lat'>¹</span> 
     </span>
     <span class='ocr_line' id='line_1_15' title="bbox 304 1861 1423 1961; baseline -0.004 -28"><span class='ocrx_word' id='word_1_138' title='bbox 304 1865 346 1932; x_wconf 83' lang='lat' dir='ltr'><strong>sis</strong></span> <span class='ocrx_word' id='word_1_139' title='bbox 368 1866 469 1933; x_wconf 90' lang='lat' dir='ltr'><strong>etiam</strong></span> <span class='ocrx_word' id='word_1_140' title='bbox 490 1864 680 1954; x_wconf 83' lang='lat' dir='ltr'><strong>intelligere</strong></span> <span class='ocrx_word' id='word_1_141' title='bbox 697 1861 735 1944; x_wconf 86' lang='grc' dir='ltr'><strong>ὅς</strong></span> <span class='ocrx_word' id='word_1_142' title='bbox 749 1890 808 1938; x_wconf 83' lang='grc' dir='ltr'><strong>κεν</strong></span> <span class='ocrx_word' id='word_1_143' title='bbox 821 1865 899 1961; x_wconf 81' lang='grc' dir='ltr'><strong><em>ἔῃσι</em></strong></span> <span class='ocrx_word' id='word_1_144' title='bbox 917 1873 952 1932; x_wconf 87' lang='lat' dir='ltr'><strong>et</strong></span> <span class='ocrx_word' id='word_1_145' title='bbox 968 1865 1086 1932; x_wconf 88' lang='lat' dir='ltr'><strong>similia</strong></span> <span class='ocrx_word' id='word_1_146' title='bbox 1101 1863 1200 1936; x_wconf 88' lang='lat' dir='ltr'><strong>Iliad.</strong></span> <span class='ocrx_word' id='word_1_147' title='bbox 1224 1870 1260 1957; x_wconf 78' lang='grc' dir='ltr'><strong>β.</strong></span> <span class='ocrx_word' id='word_1_148' title='bbox 1277 1861 1364 1930; x_wconf 90' lang='grc'><strong>365.</strong></span> <span class='ocrx_word' id='word_1_149' title='bbox 1383 1883 1423 1956; x_wconf 79' lang='grc' dir='ltr'><strong>ψ.</strong></span> 
     </span>
     <span class='ocr_line' id='line_1_16' title="bbox 269 1963 633 2058; baseline -0.003 -24"><span class='ocrx_word' id='word_1_150' title='bbox 269 2045 276 2058; x_wconf 46' lang='grc'><strong><em>,</em></strong></span> <span class='ocrx_word' id='word_1_151' title='bbox 305 1965 391 2035; x_wconf 88' lang='grc'><strong>344.</strong></span> <span class='ocrx_word' id='word_1_152' title='bbox 413 1963 633 2039; x_wconf 65' lang='grc'><strong>033156.</strong></span> 
     </span>
     <span class='ocr_line' id='line_1_17' title="bbox 406 2067 1425 2158; baseline -0.003 -19"><span class='ocrx_word' id='word_1_153' title='bbox 406 2071 611 2139; x_wconf 88' lang='lat' dir='ltr'><strong>Perventum</strong></span> <span class='ocrx_word' id='word_1_154' title='bbox 632 2068 752 2137; x_wconf 81' lang='lat' dir='ltr'><strong>estad</strong></span> <span class='ocrx_word' id='word_1_155' title='bbox 776 2068 994 2158; x_wconf 58' lang='lat' dir='ltr'><strong>optativum„</strong></span> <span class='ocrx_word' id='word_1_156' title='bbox 1025 2069 1095 2139; x_wconf 91' lang='lat' dir='ltr'><strong>Hic</strong></span> <span class='ocrx_word' id='word_1_157' title='bbox 1121 2067 1243 2137; x_wconf 89' lang='lat' dir='ltr'><strong>modus</strong></span> <span class='ocrx_word' id='word_1_158' title='bbox 1264 2068 1425 2157; x_wconf 89' lang='lat' dir='ltr'><strong>quoniam</strong></span> 
     </span>
     <span class='ocr_line' id='line_1_18' title="bbox 304 2163 1545 2264; baseline -0.009 -20"><span class='ocrx_word' id='word_1_159' title='bbox 304 2199 345 2244; x_wconf 87' lang='lat' dir='ltr'><strong>ea</strong></span> <span class='ocrx_word' id='word_1_160' title='bbox 367 2173 510 2258; x_wconf 88' lang='lat' dir='ltr'><strong>indicat,</strong></span> <span class='ocrx_word' id='word_1_161' title='bbox 544 2174 688 2261; x_wconf 85' lang='lat' dir='ltr'><strong>quaein</strong></span> <span class='ocrx_word' id='word_1_162' title='bbox 712 2172 786 2240; x_wconf 88' lang='lat' dir='ltr'><strong>sola</strong></span> <span class='ocrx_word' id='word_1_163' title='bbox 810 2163 1017 2263; x_wconf 81' lang='lat' dir='ltr'><strong>cogitatione</strong></span> <span class='ocrx_word' id='word_1_164' title='bbox 1042 2173 1153 2264; x_wconf 90' lang='lat' dir='ltr'><strong>posita</strong></span> <span class='ocrx_word' id='word_1_165' title='bbox 1176 2180 1269 2256; x_wconf 85' lang='lat' dir='ltr'><strong>sunt,</strong></span> <span class='ocrx_word' id='word_1_166' title='bbox 1301 2193 1366 2262; x_wconf 89' lang='lat' dir='ltr'><strong>per</strong></span> <span class='ocrx_word' id='word_1_167' title='bbox 1390 2193 1425 2238; x_wconf 81' lang='lat' dir='ltr'><strong>se</strong></span> <span class='ocrx_word' id='word_1_168' title='bbox 1544 2221 1545 2232; x_wconf 60' lang='grc'><strong>.</strong></span> 
     </span>
     <span class='ocr_line' id='line_1_19' title="bbox 302 2267 1545 2368; baseline -0.004 -21"><span class='ocrx_word' id='word_1_169' title='bbox 302 2278 433 2348; x_wconf 89' lang='lat' dir='ltr'><strong>nullam</strong></span> <span class='ocrx_word' id='word_1_170' title='bbox 454 2277 590 2345; x_wconf 88' lang='lat' dir='ltr'><strong>omnino</strong></span> <span class='ocrx_word' id='word_1_171' title='bbox 616 2275 724 2343; x_wconf 91' lang='lat' dir='ltr'><strong>habet</strong></span> <span class='ocrx_word' id='word_1_172' title='bbox 747 2278 909 2366; x_wconf 89' lang='lat' dir='ltr'><strong>temporis</strong></span> <span class='ocrx_word' id='word_1_173' title='bbox 931 2277 1229 2368; x_wconf 84' lang='lat' dir='ltr'><strong>significationem,</strong></span> <span class='ocrx_word' id='word_1_174' title='bbox 1271 2274 1331 2344; x_wconf 87' lang='lat' dir='ltr'><strong>sed</strong></span> <span class='ocrx_word' id='word_1_175' title='bbox 1359 2295 1424 2365; x_wconf 90' lang='lat' dir='ltr'><strong>pro</strong></span> <span class='ocrx_word' id='word_1_176' title='bbox 1544 2267 1545 2270; x_wconf 28' lang='lat'>¹</span> 
     </span>
     <span class='ocr_line' id='line_1_20' title="bbox 303 2378 1424 2471; baseline -0.007 -18"><span class='ocrx_word' id='word_1_177' title='bbox 303 2384 464 2471; x_wconf 84' lang='lat' dir='ltr'><strong>cuiusque</strong></span> <span class='ocrx_word' id='word_1_178' title='bbox 484 2382 554 2450; x_wconf 89' lang='lat' dir='ltr'><strong>loci</strong></span> <span class='ocrx_word' id='word_1_179' title='bbox 578 2379 770 2449; x_wconf 89' lang='lat' dir='ltr'><strong>conditione</strong></span> <span class='ocrx_word' id='word_1_180' title='bbox 793 2381 852 2448; x_wconf 86' lang='lat' dir='ltr'><strong>rel</strong></span> <span class='ocrx_word' id='word_1_181' title='bbox 876 2380 922 2448; x_wconf 87' lang='lat' dir='ltr'><strong>ad</strong></span> <span class='ocrx_word' id='word_1_182' title='bbox 944 2381 1164 2471; x_wconf 86' lang='lat' dir='ltr'><strong>praeteritum</strong></span> <span class='ocrx_word' id='word_1_183' title='bbox 1186 2389 1336 2470; x_wconf 85' lang='lat' dir='ltr'><strong>tempus,</strong></span> <span class='ocrx_word' id='word_1_184' title='bbox 1369 2378 1424 2446; x_wconf 77' lang='lat' dir='ltr'><strong>rel</strong></span> 
     </span>
     <span class='ocr_line' id='line_1_21' title="bbox 303 2474 1425 2577; baseline -0.003 -22"><span class='ocrx_word' id='word_1_185' title='bbox 303 2487 349 2555; x_wconf 87' lang='lat' dir='ltr'><strong>ad</strong></span> <span class='ocrx_word' id='word_1_186' title='bbox 363 2509 542 2577; x_wconf 65' lang='lat' dir='ltr'><strong>praeseus5</strong></span> <span class='ocrx_word' id='word_1_187' title='bbox 565 2484 684 2552; x_wconf 83' lang='lat' dir='ltr'><strong>velud</strong></span> <span class='ocrx_word' id='word_1_188' title='bbox 704 2483 854 2552; x_wconf 83' lang='lat' dir='ltr'><strong>futurum</strong></span> <span class='ocrx_word' id='word_1_189' title='bbox 873 2483 1027 2552; x_wconf 76' lang='lat' dir='ltr'><strong>refertur.</strong></span> <span class='ocrx_word' id='word_1_190' title='bbox 1079 2482 1177 2550; x_wconf 87' lang='lat' dir='ltr'><strong>Iliad.</strong></span> <span class='ocrx_word' id='word_1_191' title='bbox 1193 2511 1224 2556; x_wconf 88' lang='grc' dir='ltr'><strong>ν.</strong></span> <span class='ocrx_word' id='word_1_192' title='bbox 1245 2481 1330 2550; x_wconf 87' lang='grc'><strong>343.</strong></span> <span class='ocrx_word' id='word_1_193' title='bbox 1354 2474 1425 2573; x_wconf 83' lang='grc' dir='ltr'><strong>μύ-</strong></span> 
     </span>
     <span class='ocr_line' id='line_1_22' title="bbox 303 2577 1423 2683; baseline -0.005 -22"><span class='ocrx_word' id='word_1_194' title='bbox 303 2593 350 2663; x_wconf 83' lang='grc' dir='ltr'><strong>λα</strong></span> <span class='ocrx_word' id='word_1_195' title='bbox 372 2603 432 2660; x_wconf 83' lang='grc' dir='ltr'><strong>κεν</strong></span> <span class='ocrx_word' id='word_1_196' title='bbox 454 2579 722 2680; x_wconf 74' lang='grc' dir='ltr'><strong><em>θρασυκάρδιος</em></strong></span> <span class='ocrx_word' id='word_1_197' title='bbox 749 2588 824 2680; x_wconf 80' lang='grc' dir='ltr'><strong><em>εἴη,</em></strong></span> <span class='ocrx_word' id='word_1_198' title='bbox 861 2585 900 2665; x_wconf 86' lang='grc' dir='ltr'><strong>ύς</strong></span> <span class='ocrx_word' id='word_1_199' title='bbox 921 2580 1008 2658; x_wconf 81' lang='grc' dir='ltr'><strong><em>τότε</em></strong></span> <span class='ocrx_word' id='word_1_200' title='bbox 1030 2579 1225 2683; x_wconf 74' lang='grc' dir='ltr'><strong><em>γηθήσειεν</em></strong></span> <span class='ocrx_word' id='word_1_201' title='bbox 1242 2577 1327 2659; x_wconf 74' lang='lat' dir='ltr'><strong>idcir</strong></span> <span class='ocrx_word' id='word_1_202' title='bbox 1348 2577 1423 2655; x_wconf 85' lang='grc' dir='ltr'><strong><em>νιύ-</em></strong></span> 
     </span>
     <span class='ocr_line' id='line_1_23' title="bbox 304 2681 1425 2778; baseline -0.008 -15"><span class='ocrx_word' id='word_1_203' title='bbox 304 2715 392 2778; x_wconf 87' lang='grc' dir='ltr'><strong><em>νον,</em></strong></span> <span class='ocrx_word' id='word_1_204' title='bbox 420 2683 501 2762; x_wconf 89' lang='grc' dir='ltr'><strong><em>ούδ’</em></strong></span> <span class='ocrx_word' id='word_1_205' title='bbox 531 2681 719 2776; x_wconf 82' lang='grc' dir='ltr'><strong><em>ύκύχονιο.</em></strong></span> <span class='ocrx_word' id='word_1_206' title='bbox 771 2688 835 2754; x_wconf 85' lang='lat' dir='ltr'><strong>His</strong></span> <span class='ocrx_word' id='word_1_207' title='bbox 859 2689 987 2772; x_wconf 87' lang='lat' dir='ltr'><strong>verbis,</strong></span> <span class='ocrx_word' id='word_1_208' title='bbox 1013 2711 1100 2777; x_wconf 87' lang='lat' dir='ltr'><strong>quae</strong></span> <span class='ocrx_word' id='word_1_209' title='bbox 1125 2688 1174 2756; x_wconf 92' lang='lat' dir='ltr'><strong>ibi</strong></span> <span class='ocrx_word' id='word_1_210' title='bbox 1200 2688 1245 2756; x_wconf 91' lang='lat' dir='ltr'><strong>de</strong></span> <span class='ocrx_word' id='word_1_211' title='bbox 1267 2711 1308 2755; x_wconf 90' lang='lat' dir='ltr'><strong>re</strong></span> <span class='ocrx_word' id='word_1_212' title='bbox 1322 2709 1425 2777; x_wconf 87' lang='lat' dir='ltr'><strong>prae-</strong></span> 
     </span>
     <span class='ocr_line' id='line_1_24' title="bbox 302 2790 1425 2882; baseline -0.002 -22"><span class='ocrx_word' id='word_1_213' title='bbox 302 2795 402 2860; x_wconf 85' lang='lat' dir='ltr'><strong>terita</strong></span> <span class='ocrx_word' id='word_1_214' title='bbox 419 2790 591 2874; x_wconf 90' lang='lat' dir='ltr'><strong>dicuntur,</strong></span> <span class='ocrx_word' id='word_1_215' title='bbox 615 2790 664 2855; x_wconf 88' lang='lat' dir='ltr'><strong>uti</strong></span> <span class='ocrx_word' id='word_1_216' title='bbox 686 2790 792 2878; x_wconf 84' lang='lat' dir='ltr'><strong>possis</strong></span> <span class='ocrx_word' id='word_1_217' title='bbox 816 2791 917 2858; x_wconf 88' lang='lat' dir='ltr'><strong>ctiam</strong></span> <span class='ocrx_word' id='word_1_218' title='bbox 938 2792 974 2858; x_wconf 92' lang='lat' dir='ltr'><strong>in</strong></span> <span class='ocrx_word' id='word_1_219' title='bbox 997 2800 1223 2882; x_wconf 85' lang='lat' dir='ltr'><strong>repraesento</strong></span> <span class='ocrx_word' id='word_1_220' title='bbox 1248 2799 1282 2858; x_wconf 87' lang='lat' dir='ltr'><strong>et</strong></span> <span class='ocrx_word' id='word_1_221' title='bbox 1301 2791 1425 2858; x_wconf 77' lang='lat' dir='ltr'><strong>sutura</strong></span> 
     </span>
     <span class='ocr_line' id='line_1_25' title="bbox 167 2891 1424 2978; baseline -0.008 -10"><span class='ocrx_word' id='word_1_222' title='bbox 167 2961 172 2968; x_wconf 85' lang='grc'><em>,</em></span> <span class='ocrx_word' id='word_1_223' title='bbox 302 2896 356 2963; x_wconf 86' lang='lat' dir='ltr'><strong>Ita</strong></span> <span class='ocrx_word' id='word_1_224' title='bbox 377 2895 435 2978; x_wconf 81' lang='lat' dir='ltr'><strong>fit,</strong></span> <span class='ocrx_word' id='word_1_225' title='bbox 461 2901 499 2960; x_wconf 90' lang='lat' dir='ltr'><strong>ut</strong></span> <span class='ocrx_word' id='word_1_226' title='bbox 522 2901 555 2961; x_wconf 89' lang='lat' dir='ltr'><strong>et</strong></span> <span class='ocrx_word' id='word_1_227' title='bbox 576 2891 663 2960; x_wconf 92' lang='lat' dir='ltr'><strong>illud</strong></span> <span class='ocrx_word' id='word_1_228' title='bbox 685 2891 730 2960; x_wconf 91' lang='lat' dir='ltr'><strong>de</strong></span> <span class='ocrx_word' id='word_1_229' title='bbox 754 2894 869 2960; x_wconf 83' lang='lat' dir='ltr'><strong>futuro</strong></span> <span class='ocrx_word' id='word_1_230' title='bbox 884 2904 976 2964; x_wconf 90' lang='lat' dir='ltr'><strong>recte</strong></span> <span class='ocrx_word' id='word_1_231' title='bbox 995 2895 1136 2978; x_wconf 88' lang='lat' dir='ltr'><strong>dicatur,</strong></span> <span class='ocrx_word' id='word_1_232' title='bbox 1162 2894 1260 2962; x_wconf 85' lang='lat' dir='ltr'><strong>Iliad.</strong></span> <span class='ocrx_word' id='word_1_233' title='bbox 1285 2921 1324 2966; x_wconf 85' lang='grc' dir='ltr'><strong>ω.</strong></span> <span class='ocrx_word' id='word_1_234' title='bbox 1337 2891 1424 2961; x_wconf 93' lang='grc'><strong>619.</strong></span> 
     </span>
     <span class='ocr_line' id='line_1_26' title="bbox 305 2983 1544 3089; baseline -0.006 -17"><span class='ocrx_word' id='word_1_235' title='bbox 305 2990 433 3073; x_wconf 74' lang='grc' dir='ltr'><strong><em>ἔποικοί</em></strong></span> <span class='ocrx_word' id='word_1_236' title='bbox 452 3023 513 3068; x_wconf 88' lang='grc' dir='ltr'><strong>κεν</strong></span> <span class='ocrx_word' id='word_1_237' title='bbox 529 2991 619 3070; x_wconf 79' lang='grc' dir='ltr'><strong><em>αύτε</em></strong></span> <span class='ocrx_word' id='word_1_238' title='bbox 633 2993 740 3089; x_wconf 82' lang='grc' dir='ltr'><strong><em>φίλον</em></strong></span> <span class='ocrx_word' id='word_1_239' title='bbox 754 3000 867 3070; x_wconf 83' lang='grc' dir='ltr'><strong><em>παῖδα</em></strong></span> <span class='ocrx_word' id='word_1_240' title='bbox 882 2983 1097 3086; x_wconf 75' lang='grc' dir='ltr'><strong><em>κλαιόιύθα,</em></strong></span> <span class='ocrx_word' id='word_1_241' title='bbox 1124 3007 1158 3066; x_wconf 86' lang='lat' dir='ltr'><strong>et</strong></span> <span class='ocrx_word' id='word_1_242' title='bbox 1177 2997 1247 3068; x_wconf 89' lang='lat' dir='ltr'><strong>hoc</strong></span> <span class='ocrx_word' id='word_1_243' title='bbox 1263 2997 1307 3064; x_wconf 89' lang='lat' dir='ltr'><strong>de</strong></span> <span class='ocrx_word' id='word_1_244' title='bbox 1321 3020 1424 3088; x_wconf 87' lang='lat' dir='ltr'><strong>prae·</strong></span> <span class='ocrx_word' id='word_1_245' title='bbox 1543 3003 1544 3088; x_wconf 66' lang='lat' dir='ltr'>j</span> 
     </span>
     <span class='ocr_line' id='line_1_27' title="bbox 303 3093 1422 3198; baseline 0.003 -29"><span class='ocrx_word' id='word_1_246' title='bbox 303 3103 401 3169; x_wconf 90' lang='lat' dir='ltr'><strong>terito</strong></span> <span class='ocrx_word' id='word_1_247' title='bbox 424 3098 522 3167; x_wconf 90' lang='lat' dir='ltr'><strong>Iliad.</strong></span> <span class='ocrx_word' id='word_1_248' title='bbox 547 3127 579 3192; x_wconf 75' lang='lat' dir='ltr'><strong>y.</strong></span> <span class='ocrx_word' id='word_1_249' title='bbox 603 3096 690 3166; x_wconf 89' lang='grc'><strong>453.</strong></span> <span class='ocrx_word' id='word_1_250' title='bbox 717 3094 761 3172; x_wconf 87' lang='grc' dir='ltr'><strong>ού</strong></span> <span class='ocrx_word' id='word_1_251' title='bbox 782 3100 852 3192; x_wconf 80' lang='grc' dir='ltr'><strong>μὲν</strong></span> <span class='ocrx_word' id='word_1_252' title='bbox 868 3093 938 3195; x_wconf 74' lang='grc' dir='ltr'><strong>γαρ</strong></span> <span class='ocrx_word' id='word_1_253' title='bbox 962 3095 1131 3198; x_wconf 79' lang='grc' dir='ltr'><strong><em>φιλότητί</em></strong></span> <span class='ocrx_word' id='word_1_254' title='bbox 1149 3097 1186 3190; x_wconf 76' lang='grc' dir='ltr'><strong>γ’</strong></span> <span class='ocrx_word' id='word_1_255' title='bbox 1209 3093 1422 3188; x_wconf 78' lang='grc' dir='ltr'><strong><em>ἐκεύθανον,</em></strong></span> 
     </span>
     <span class='ocr_line' id='line_1_28' title="bbox 304 3203 1427 3293; baseline -0.003 -17"><span class='ocrx_word' id='word_1_256' title='bbox 304 3205 412 3283; x_wconf 78' lang='grc' dir='ltr'><strong><em>εἴτις</em></strong></span> <span class='ocrx_word' id='word_1_257' title='bbox 428 3205 567 3290; x_wconf 86' lang='grc' dir='ltr'><strong><em>ἴδοιτο,</em></strong></span> <span class='ocrx_word' id='word_1_258' title='bbox 593 3215 734 3293; x_wconf 83' lang='lat' dir='ltr'><strong>proco,</strong></span> <span class='ocrx_word' id='word_1_259' title='bbox 761 3204 856 3292; x_wconf 89' lang='lat' dir='ltr'><strong>quod</strong></span> <span class='ocrx_word' id='word_1_260' title='bbox 877 3204 1080 3293; x_wconf 89' lang='lat' dir='ltr'><strong>plerumque</strong></span> <span class='ocrx_word' id='word_1_261' title='bbox 1104 3203 1172 3271; x_wconf 90' lang='lat' dir='ltr'><strong>dici</strong></span> <span class='ocrx_word' id='word_1_262' title='bbox 1193 3204 1296 3288; x_wconf 86' lang='lat' dir='ltr'><strong>solet,</strong></span> <span class='ocrx_word' id='word_1_263' title='bbox 1322 3205 1427 3283; x_wconf 81' lang='grc' dir='ltr'><strong><em>εἴτις</em></strong></span> 
     </span>
     <span class='ocr_line' id='line_1_29' title="bbox 305 3300 1056 3401; baseline -0.008 -22"><span class='ocrx_word' id='word_1_264' title='bbox 305 3300 409 3379; x_wconf 76' lang='grc' dir='ltr'><strong><em>οἶδεν.</em></strong></span> <span class='ocrx_word' id='word_1_265' title='bbox 440 3304 530 3372; x_wconf 84' lang='lat' dir='ltr'><strong>Vide</strong></span> <span class='ocrx_word' id='word_1_266' title='bbox 549 3332 575 3376; x_wconf 88' lang='grc' dir='ltr'><strong>ε.</strong></span> <span class='ocrx_word' id='word_1_267' title='bbox 594 3303 679 3372; x_wconf 83' lang='grc'><strong>311.</strong></span> <span class='ocrx_word' id='word_1_268' title='bbox 706 3303 791 3378; x_wconf 82' lang='grc'><strong>388.</strong></span> <span class='ocrx_word' id='word_1_269' title='bbox 815 3332 846 3401; x_wconf 90' lang='grc' dir='ltr'><strong>ρ.</strong></span> <span class='ocrx_word' id='word_1_270' title='bbox 866 3305 928 3373; x_wconf 77' lang='lat' dir='ltr'><strong>w.</strong></span> <span class='ocrx_word' id='word_1_271' title='bbox 944 3335 978 3379; x_wconf 83' lang='grc' dir='ltr'><strong>τ.</strong></span> <span class='ocrx_word' id='word_1_272' title='bbox 995 3305 1056 3375; x_wconf 87' lang='grc'><strong>96.</strong></span> 
     </span>
     <span class='ocr_line' id='line_1_30' title="bbox 309 3405 1428 3500; baseline 0 -25"><span class='ocrx_word' id='word_1_273' title='bbox 309 3415 314 3423; x_wconf 85' lang='grc'><strong>“</strong></span> <span class='ocrx_word' id='word_1_274' title='bbox 408 3405 625 3496; x_wconf 79' lang='lat' dir='ltr'><strong>Quamquam</strong></span> <span class='ocrx_word' id='word_1_275' title='bbox 643 3418 755 3474; x_wconf 87' lang='lat' dir='ltr'><strong>autem</strong></span> <span class='ocrx_word' id='word_1_276' title='bbox 778 3410 886 3490; x_wconf 86' lang='lat' dir='ltr'><strong>omnis</strong></span> <span class='ocrx_word' id='word_1_277' title='bbox 909 3410 1050 3500; x_wconf 89' lang='lat' dir='ltr'><strong>optativi</strong></span> <span class='ocrx_word' id='word_1_278' title='bbox 1063 3431 1139 3478; x_wconf 86' lang='lat' dir='ltr'><strong>usus</strong></span> <span class='ocrx_word' id='word_1_279' title='bbox 1160 3431 1203 3477; x_wconf 92' lang='lat' dir='ltr'><strong>eo</strong></span> <span class='ocrx_word' id='word_1_280' title='bbox 1225 3408 1363 3494; x_wconf 86' lang='lat' dir='ltr'><strong>redeat,</strong></span> <span class='ocrx_word' id='word_1_281' title='bbox 1389 3416 1428 3476; x_wconf 95' lang='lat' dir='ltr'><strong>ut</strong></span> 
     </span>
     <span class='ocr_line' id='line_1_31' title="bbox 232 3510 1535 3605; baseline 0 -26"><span class='ocrx_word' id='word_1_282' title='bbox 232 3518 236 3532; x_wconf 86' lang='lat'>&#39;</span> <span class='ocrx_word' id='word_1_283' title='bbox 303 3511 388 3604; x_wconf 85' lang='lat' dir='ltr'><strong>quid</strong></span> <span class='ocrx_word' id='word_1_284' title='bbox 407 3513 443 3580; x_wconf 93' lang='lat' dir='ltr'><strong>in</strong></span> <span class='ocrx_word' id='word_1_285' title='bbox 461 3513 534 3580; x_wconf 86' lang='lat' dir='ltr'><strong>sola</strong></span> <span class='ocrx_word' id='word_1_286' title='bbox 553 3510 758 3602; x_wconf 85' lang='lat' dir='ltr'><strong>cogitatione</strong></span> <span class='ocrx_word' id='word_1_287' title='bbox 781 3514 932 3602; x_wconf 89' lang='lat' dir='ltr'><strong>positum</strong></span> <span class='ocrx_word' id='word_1_288' title='bbox 955 3535 1025 3581; x_wconf 82' lang='lat' dir='ltr'><strong>esse</strong></span> <span class='ocrx_word' id='word_1_289' title='bbox 1048 3513 1273 3605; x_wconf 79' lang='lat' dir='ltr'><strong>significetur,</strong></span> <span class='ocrx_word' id='word_1_290' title='bbox 1310 3522 1426 3580; x_wconf 88' lang='lat' dir='ltr'><strong>tamen</strong></span> <span class='ocrx_word' id='word_1_291' title='bbox 1532 3553 1535 3560; x_wconf 90' lang='lat'>·</span> 
     </span>
     <span class='ocr_line' id='line_1_32' title="bbox 302 3615 1426 3707; baseline -0.003 -22"><span class='ocrx_word' id='word_1_292' title='bbox 302 3617 415 3685; x_wconf 82' lang='lat' dir='ltr'><strong>variae</strong></span> <span class='ocrx_word' id='word_1_293' title='bbox 430 3624 506 3683; x_wconf 89' lang='lat' dir='ltr'><strong>sunt</strong></span> <span class='ocrx_word' id='word_1_294' title='bbox 519 3615 664 3683; x_wconf 87' lang='lat' dir='ltr'><strong>rationes</strong></span> <span class='ocrx_word' id='word_1_295' title='bbox 679 3615 859 3706; x_wconf 87' lang='lat' dir='ltr'><strong>modique,</strong></span> <span class='ocrx_word' id='word_1_296' title='bbox 885 3616 1006 3705; x_wconf 85' lang='lat' dir='ltr'><strong>quibus</strong></span> <span class='ocrx_word' id='word_1_297' title='bbox 1027 3616 1064 3684; x_wconf 91' lang='lat' dir='ltr'><strong>id</strong></span> <span class='ocrx_word' id='word_1_298' title='bbox 1083 3618 1158 3684; x_wconf 89' lang='lat' dir='ltr'><strong>fieri</strong></span> <span class='ocrx_word' id='word_1_299' title='bbox 1179 3615 1294 3707; x_wconf 86' lang='lat' dir='ltr'><strong>possit.</strong></span> <span class='ocrx_word' id='word_1_300' title='bbox 1307 3633 1322 3678; x_wconf 81' lang='grc'><strong>’.</strong></span> <span class='ocrx_word' id='word_1_301' title='bbox 1347 3615 1426 3684; x_wconf 86' lang='grc' dir='ltr'><strong>Ησ-</strong></span> 
     </span>
     <span class='ocr_line' id='line_1_33' title="bbox 219 3715 1425 3811; baseline -0.002 -24"><span class='ocrx_word' id='word_1_302' title='bbox 219 3761 222 3767; x_wconf 91' lang='lat'>·</span> <span class='ocrx_word' id='word_1_303' title='bbox 303 3741 379 3787; x_wconf 91' lang='lat' dir='ltr'><strong>rum</strong></span> <span class='ocrx_word' id='word_1_304' title='bbox 396 3720 524 3810; x_wconf 90' lang='lat' dir='ltr'><strong>primus</strong></span> <span class='ocrx_word' id='word_1_305' title='bbox 548 3720 761 3808; x_wconf 84' lang='lat' dir='ltr'><strong>maximeque</strong></span> <span class='ocrx_word' id='word_1_306' title='bbox 785 3720 927 3811; x_wconf 84' lang='lat' dir='ltr'><strong>simplex</strong></span> <span class='ocrx_word' id='word_1_307' title='bbox 947 3721 975 3787; x_wconf 92' lang='lat' dir='ltr'><strong>is</strong></span> <span class='ocrx_word' id='word_1_308' title='bbox 997 3729 1065 3803; x_wconf 89' lang='lat' dir='ltr'><strong>est,</strong></span> <span class='ocrx_word' id='word_1_309' title='bbox 1097 3741 1203 3809; x_wconf 89' lang='lat' dir='ltr'><strong>quum</strong></span> <span class='ocrx_word' id='word_1_310' title='bbox 1224 3715 1307 3808; x_wconf 91' lang='lat' dir='ltr'><strong>quid</strong></span> <span class='ocrx_word' id='word_1_311' title='bbox 1330 3719 1425 3786; x_wconf 87' lang='lat' dir='ltr'><strong>nulla</strong></span> 
     </span>
     <span class='ocr_line' id='line_1_34' title="bbox 303 3819 1543 3916; baseline 0.001 -26"><span class='ocrx_word' id='word_1_312' title='bbox 303 3821 371 3890; x_wconf 82' lang='lat' dir='ltr'><strong>alia</strong></span> <span class='ocrx_word' id='word_1_313' title='bbox 391 3824 528 3891; x_wconf 85' lang='lat' dir='ltr'><strong>notione</strong></span> <span class='ocrx_word' id='word_1_314' title='bbox 554 3822 711 3890; x_wconf 90' lang='lat' dir='ltr'><strong>adiuncta</strong></span> <span class='ocrx_word' id='word_1_315' title='bbox 732 3830 770 3889; x_wconf 96' lang='lat' dir='ltr'><strong>ut</strong></span> <span class='ocrx_word' id='word_1_316' title='bbox 797 3825 870 3890; x_wconf 91' lang='lat' dir='ltr'><strong>sola</strong></span> <span class='ocrx_word' id='word_1_317' title='bbox 898 3823 1107 3916; x_wconf 79' lang='lat' dir='ltr'><strong>cogitatione</strong></span> <span class='ocrx_word' id='word_1_318' title='bbox 1127 3819 1244 3908; x_wconf 84' lang='lat' dir='ltr'><strong>lictum</strong></span> <span class='ocrx_word' id='word_1_319' title='bbox 1262 3831 1425 3890; x_wconf 85' lang='lat' dir='ltr'><strong>narratur.</strong></span> <span class='ocrx_word' id='word_1_320' title='bbox 1542 3895 1543 3902; x_wconf 14' lang='lat'>¹</span> 
     </span>
     <span class='ocr_line' id='line_1_35' title="bbox 303 3919 1543 4022; baseline 0.003 -28"><span class='ocrx_word' id='word_1_321' title='bbox 303 3925 351 3994; x_wconf 85' lang='lat' dir='ltr'><strong>Vt</strong></span> <span class='ocrx_word' id='word_1_322' title='bbox 368 3925 403 3991; x_wconf 92' lang='lat' dir='ltr'><strong>in</strong></span> <span class='ocrx_word' id='word_1_323' title='bbox 417 3925 649 4018; x_wconf 84' lang='lat' dir='ltr'><strong>repraeterita</strong></span> <span class='ocrx_word' id='word_1_324' title='bbox 664 3923 704 4009; x_wconf 84' lang='grc' dir='ltr'><strong>ΙΙ.</strong></span> <span class='ocrx_word' id='word_1_325' title='bbox 722 3922 760 3997; x_wconf 93' lang='grc' dir='ltr'><strong>δ.Ι</strong></span> <span class='ocrx_word' id='word_1_326' title='bbox 768 3921 854 3994; x_wconf 89' lang='grc'><strong>539.</strong></span> <span class='ocrx_word' id='word_1_327' title='bbox 881 3927 974 3999; x_wconf 75' lang='grc' dir='ltr'><strong><em>ἔνθα</em></strong></span> <span class='ocrx_word' id='word_1_328' title='bbox 990 3953 1050 3999; x_wconf 82' lang='grc' dir='ltr'><strong>κεν</strong></span> <span class='ocrx_word' id='word_1_329' title='bbox 1069 3922 1191 3999; x_wconf 81' lang='grc' dir='ltr'><strong><em>ούκέτι</em></strong></span> <span class='ocrx_word' id='word_1_330' title='bbox 1208 3926 1314 4021; x_wconf 79' lang='grc' dir='ltr'><strong><em>ἔργον</em></strong></span> <span class='ocrx_word' id='word_1_331' title='bbox 1331 3919 1423 4022; x_wconf 78' lang='grc' dir='ltr'><strong><em>σίνήρ</em></strong></span> <span class='ocrx_word' id='word_1_332' title='bbox 1542 3929 1543 3936; x_wconf 73' lang='grc'>’</span> 
     </span>
     <span class='ocr_line' id='line_1_36' title="bbox 304 4020 1427 4126; baseline 0.001 -26"><span class='ocrx_word' id='word_1_333' title='bbox 304 4020 478 4101; x_wconf 78' lang='grc' dir='ltr'><strong><em>σ’νύσαιτο</em></strong></span> <span class='ocrx_word' id='word_1_334' title='bbox 501 4022 711 4122; x_wconf 75' lang='grc' dir='ltr'><strong><em>μετελθών,</em></strong></span> <span class='ocrx_word' id='word_1_335' title='bbox 749 4025 842 4109; x_wconf 70' lang='grc' dir='ltr'><strong><em>ὅστις</em></strong></span> <span class='ocrx_word' id='word_1_336' title='bbox 868 4025 924 4101; x_wconf 84' lang='grc' dir='ltr'><strong>ἔτ’</strong></span> <span class='ocrx_word' id='word_1_337' title='bbox 951 4026 1106 4126; x_wconf 80' lang='grc' dir='ltr'><strong><em>ἄβλητος</em></strong></span> <span class='ocrx_word' id='word_1_338' title='bbox 1136 4028 1197 4101; x_wconf 87' lang='grc' dir='ltr'><strong>καὶ</strong></span> <span class='ocrx_word' id='word_1_339' title='bbox 1223 4021 1427 4108; x_wconf 73' lang='grc' dir='ltr'><strong><em>ἀνούτατος</em></strong></span> 
     </span>
     <span class='ocr_line' id='line_1_37' title="bbox 177 4125 1426 4227; baseline -0.006 -24"><span class='ocrx_word' id='word_1_340' title='bbox 177 4221 180 4227; x_wconf 20' lang='lat'>¹</span> <span class='ocrx_word' id='word_1_341' title='bbox 302 4125 381 4212; x_wconf 61' lang='grc' dir='ltr'><strong>’ὀξεῖ</strong></span> <span class='ocrx_word' id='word_1_342' title='bbox 412 4133 532 4226; x_wconf 74' lang='grc' dir='ltr'><strong><em>χαλκῷ</em></strong></span> <span class='ocrx_word' id='word_1_343' title='bbox 559 4125 697 4205; x_wconf 82' lang='grc' dir='ltr'><strong><em>δινεύοι</em></strong></span> <span class='ocrx_word' id='word_1_344' title='bbox 736 4125 833 4203; x_wconf 78' lang='grc' dir='ltr'><strong>κατοῖ</strong></span> <span class='ocrx_word' id='word_1_345' title='bbox 874 4132 1033 4224; x_wconf 66' lang='grc' dir='ltr'><strong><em>μέσσον,</em></strong></span> <span class='ocrx_word' id='word_1_346' title='bbox 1079 4129 1114 4200; x_wconf 89' lang='lat' dir='ltr'><strong>in</strong></span> <span class='ocrx_word' id='word_1_347' title='bbox 1147 4131 1316 4222; x_wconf 83' lang='lat' dir='ltr'><strong>praesenti</strong></span> <span class='ocrx_word' id='word_1_348' title='bbox 1354 4129 1426 4199; x_wconf 86' lang='lat' dir='ltr'><strong>Od.</strong></span> 
     </span>
     <span class='ocr_line' id='line_1_38' title="bbox 303 4229 1542 4358; baseline 0.008 -60"><span class='ocrx_word' id='word_1_349' title='bbox 303 4229 445 4327; x_wconf 83' lang='grc' dir='ltr'><strong>φ.139.</strong></span> <span class='ocrx_word' id='word_1_350' title='bbox 467 4235 568 4308; x_wconf 81' lang='grc' dir='ltr'><strong><em>ποῖοί</em></strong></span> <span class='ocrx_word' id='word_1_351' title='bbox 582 4231 616 4306; x_wconf 82' lang='grc' dir='ltr'><strong>κ’</strong></span> <span class='ocrx_word' id='word_1_352' title='bbox 632 4229 701 4306; x_wconf 66' lang='lat' dir='ltr'><strong>siri</strong></span> <span class='ocrx_word' id='word_1_353' title='bbox 712 4229 879 4358; x_wconf 51' lang='lat' dir='ltr'><strong>pilonii·</strong></span> <span class='ocrx_word' id='word_1_354' title='bbox 890 4230 1087 4327; x_wconf 81' lang='grc' dir='ltr'><strong><em>α’μννέμιν,</em></strong></span> <span class='ocrx_word' id='word_1_355' title='bbox 1114 4237 1152 4308; x_wconf 85' lang='grc' dir='ltr'><strong>εἴ</strong></span> <span class='ocrx_word' id='word_1_356' title='bbox 1161 4244 1279 4308; x_wconf 74' lang='grc' dir='ltr'><strong><em>ποθεν</em></strong></span> <span class='ocrx_word' id='word_1_357' title='bbox 1296 4235 1404 4308; x_wconf 77' lang='grc' dir='ltr'><strong><em>ἔλθοι</em></strong></span> <span class='ocrx_word' id='word_1_358' title='bbox 1410 4261 1426 4327; x_wconf 87' lang='lat'><strong>,·</strong></span> <span class='ocrx_word' id='word_1_359' title='bbox 1541 4285 1542 4334; x_wconf 72' lang='lat'>3</span> 
     </span>
     <span class='ocr_line' id='line_1_39' title="bbox 302 4330 1542 4480; baseline 0.004 -76"><span class='ocrx_word' id='word_1_360' title='bbox 302 4336 337 4405; x_wconf 89' lang='lat' dir='ltr'><strong>in</strong></span> <span class='ocrx_word' id='word_1_361' title='bbox 353 4335 463 4406; x_wconf 85' lang='lat' dir='ltr'><strong>futura</strong></span> <span class='ocrx_word' id='word_1_362' title='bbox 477 4337 517 4406; x_wconf 87' lang='lat' dir='ltr'><strong>ll.</strong></span> <span class='ocrx_word' id='word_1_363' title='bbox 532 4365 571 4410; x_wconf 86' lang='grc' dir='ltr'><strong>ω.</strong></span> <span class='ocrx_word' id='word_1_364' title='bbox 588 4335 675 4406; x_wconf 90' lang='grc'><strong>139.</strong></span> <span class='ocrx_word' id='word_1_365' title='bbox 703 4339 741 4418; x_wconf 76' lang='lat' dir='ltr'><strong>rie</strong></span> <span class='ocrx_word' id='word_1_366' title='bbox 756 4334 892 4412; x_wconf 81' lang='grc' dir='ltr'><strong><em>ἄποινα</em></strong></span> <span class='ocrx_word' id='word_1_367' title='bbox 905 4339 1034 4436; x_wconf 80' lang='grc' dir='ltr'><strong><em>φέροι,</em></strong></span> <span class='ocrx_word' id='word_1_368' title='bbox 1061 4337 1121 4412; x_wconf 82' lang='grc' dir='ltr'><strong>καὶ</strong></span> <span class='ocrx_word' id='word_1_369' title='bbox 1134 4330 1262 4436; x_wconf 84' lang='grc' dir='ltr'><strong><em>νεκρύν</em></strong></span> <span class='ocrx_word' id='word_1_370' title='bbox 1278 4335 1424 4430; x_wconf 75' lang='grc' dir='ltr'><strong><em>ἄγοιτο,</em></strong></span> <span class='ocrx_word' id='word_1_371' title='bbox 1541 4399 1542 4480; x_wconf 53' lang='grc' dir='ltr'><strong><em>η</em></strong></span> 
     </span>
    </p>
   </div>
   <div class='ocr_carea' id='block_1_3' title="bbox 0 0 1564 5030">
    <p class='ocr_par' dir='ltr' id='par_1_3' title="bbox 0 0 1564 5030">
     <span class='ocr_line' id='line_1_40' title="bbox 0 0 1564 5030; baseline 0 0"><span class='ocrx_word' id='word_1_372' title='bbox 0 0 1564 5030; x_wconf 95' lang='lat' dir='ltr'><strong> </strong></span> 
     </span>
    </p>
   </div>
  </div>
 </body>
</html>
