3120 5030
205 1229 285 1316 on
323 1223 708 1331 Ansvnuuns
745 1215 868 1310 Pno
908 1217 1320 1331 unumunurn

208 1377 428 1470 oneum
463 1367 1034 1466 Aneonnvmeonvn
1071 1369 1320 1468 noxum

322 1531 366 1620 A
424 1523 894 1619 Kounesnmnno
946 1526 1205 1616 ALLAms

293 1671 299 1690 ·
520 1674 919 1770 orssunnnmo
954 1677 1009 1792 ι).

662 1961 872 1980 m

207 2138 340 2274 Quum
365 2187 443 2248 ante
464 2176 530 2247 hos
552 2177 700 2269 quinque
729 2199 832 2248 annos
855 2173 1021 2263 carmina,
1060 2195 1148 2266 quae
1173 2169 1348 2267 Orpheoss

206 2283 440 2350 adscribuntur
463 2283 617 2366 ederem,
655 2285 690 2348 in
712 2305 753 2350 eo
776 2282 986 2372 potissimum
1007 2280 1243 2366 elaboramus,
1284 2289 1323 2346 ut

204 2384 438 2474 Argonautica
458 2385 585 2466 multo,
617 2405 719 2470 quum
742 2384 943 2470 quibusdam
964 2384 1070 2449 visum
1088 2391 1177 2463 erat,
1202 2403 1322 2450 recen-

201 2487 290 2554 tiora
314 2507 384 2553 esse
401 2485 629 2554 ostenderem.
681 2485 720 2552 ln
737 2507 839 2574 quam
856 2507 928 2551 reru
943 2485 982 2550 iis
1003 2485 1122 2552 utebur
1142 2505 1325 2575 argumen-

203 2590 262 2673 tis,
298 2611 385 2677 quae
413 2574 508 2678 quod
528 2610 569 2654 ex
593 2587 829 2655 mutationibus
856 2587 1061 2677 deprompta
1083 2596 1208 2671 essent,
1241 2609 1324 2676 quas

205 2693 304 2782 opica
321 2691 531 2761 Graecorum
553 2691 662 2782 poesis
690 2690 868 2782 paullatim
893 2689 1057 2774 subiisset,
1100 2679 1250 2758 omilium
1271 2689 1325 2758 vi-

206 2794 371 2862 debantur
388 2795 568 2863 certissima
584 2815 666 2862 esse.
717 2792 910 2861 Praesideri
933 2803 1045 2860 tamen
1068 2801 1220 2883 poterat,
1247 2793 1323 2862 fore

205 2897 404 2981 nonnullos,
437 2898 558 2986 quibus
579 2895 650 2994 hoe
675 2905 782 2988 genus
802 2895 1090 2964 demonstrationis
1106 2917 1173 2962 non
1193 2896 1323 2964 satisfa-

206 3011 307 3070 ceret.
357 3001 446 3067 Nam
471 3010 504 3068 et
525 2999 559 3066 in
583 3001 703 3066 multas
727 3008 838 3090 partes
866 2997 1025 3066 diffusum
1049 3008 1122 3082 est,
1163 3007 1197 3066 et
1226 3021 1323 3068 seusu

206 3104 356 3191 quodam
376 3103 507 3194 indiget
529 3127 548 3170 e
572 3101 728 3192 diligenti
743 3123 857 3169 earum
878 3124 992 3169 rerum
1010 3102 1242 3169 observatione
1259 3125 1323 3168 na·

205 3215 262 3288 to,
295 3203 339 3272 ad
363 3227 446 3293 quas
472 3204 628 3296 plerique
656 3227 699 3272 ne
721 3203 894 3272 attendere
916 3203 1054 3292 quidem
1076 3205 1191 3272 solent
1242 3201 1324 3272 Fuit

205 3317 319 3376 autem
341 3329 474 3391 eorum,
500 3308 560 3395 qui
582 3307 807 3390 dissentirent,
832 3306 960 3397 primus
981 3307 1030 3374 lo.
1047 3307 1151 3375 Henr.
1168 3305 1322 3374 Vossius:

205 3433 308 3500 quem
326 3419 439 3479 tamen
467 3433 535 3502 ego
560 3409 649 3476 nihil
674 3432 798 3477 moror.
855 3411 975 3498 Neque
1004 3409 1041 3476 id
1062 3410 1160 3499 periti
1183 3409 1322 3498 quidem

205 3513 424 3582 mirabuntur.
475 3513 562 3581 Mox
580 3538 611 3586 a.
629 3514 837 3584 cloloecovr.
872 3511 1084 3594 Huschkius,
1113 3513 1164 3578 vir
1184 3512 1322 3602 ingenio

204 3617 330 3710 pariter
355 3639 395 3684 ac
421 3616 572 3684 doctrina
593 3615 899 3698 excellentissimus,
925 3613 1105 3683 Rostochii
1125 3613 1232 3681 edidit
1253 3614 1323 3682 dis—

205 3719 417 3788 sertationem
436 3720 480 3786 de
502 3717 636 3808 Orphei
655 3717 912 3810 ArgonautieiS,
936 3716 970 3784 in
995 3740 1061 3805 qua
1085 3717 1146 3784 etsi
1172 3716 1232 3785 ille
1251 3717 1323 3788 hoc

203 3830 333 3889 tantum
349 3822 436 3915 egit,
462 3831 499 3890 ut
513 3815 675 3890 'carminis
696 3821 786 3888 istius
806 3819 1002 3910 scriptorem
1035 3830 1153 3888 eontra
1176 3819 1322 3890 Schnei-

205 3923 278 3992 deri
299 3925 540 3994 criminationes
564 3923 778 4010 defenderet,
802 3920 894 4014 ipse
924 3923 1007 4011 quid
1037 3921 1083 3990 de
1114 3923 1182 3991 eius
1211 3933 1322 3992 aetate

203 4028 356 4112 sentiret,
376 4027 525 4096 studiose
551 4029 682 4113 eelaus,
708 4037 821 4096 tamen
846 4035 985 4095 nonest
1013 4027 1209 4120 obscurum,
1233 4049 1321 4094 non·

278 4181 282 4194 Ι

205 4212 408 4232 ..ι-ιι...

245 4325 274 4416 ¹l)
295 4330 383 4394 Edita
406 4338 452 4392 est
473 4352 499 4390 ι.
524 4336 614 4400 1811Ι
963 4376 965 4384 ,

305 4419 428 4486 Hunn.
454 4417 522 4488 Or.
548 4419 592 4487 11.
760 4414 763 4420 ’
1096 4417 1152 4525 Α]
