3058 5046
291 375 356 439 210
433 395 437 403 ·
520 367 737 432 GENSVRA
757 367 915 431 NOVAE
936 367 1177 454 Elll'l'lollls

291 544 372 612 bere
391 549 566 636 putantur,
591 540 784 612 faciendum
806 550 886 610 erat.
939 541 1076 626 Quanto
1091 540 1213 612 rectius
1225 540 1310 632 'ipse
1325 539 1405 612 Ste-

290 646 424 738 phanus
449 668 491 712 eo
512 647 588 736 ipso
607 646 705 730 loco,
738 645 782 713 de
802 643 970 715 vocabulo
988 642 1115 726 ἄξυλος
1135 645 1295 733 laquem,
1337 655 1407 731 „ut

290 749 425 817 docebo
433 753 466 831 ,“
491 748 613 838 inquit,
628 749 841 835 '‚,suo'loco‚
867 748 888 816 i.
904 771 933 816 e.
948 748 1035 815 inter
1050 747 1234 832 vocabula,
1259 769 1346 835 quae
1364 772 1407 818 ex

289 851 455 938 „nomine
476 845 580 932 ξύλον
594 873 659 942 per
675 851 951 942 compositionem
965 858 1039 918 sunt
1063 849 1187 918 facta.“
1238 849 1344 918 Nobis
1357 851 1406 919 ita

289 952 441 1037 videtur,
473 954 592 1022 melius
616 953 772 1023 Editores
792 955 972 1024 lectoribus
995 953 1201 1022 consulturos
1225 952 1342 1036 fuisse,
1377 954 1405 1021 si

288 1057 511 1125 nominassent
537 1065 666 1124 tantum
696 1055 754 1126 hic
777 1055 1054 1140 Valckenarium,
1088 1063 1138 1139 et,
1173 1055 1302 1122 omissis
1325 1057 1405 1146 ipsis

290 1160 359 1228 eius
388 1159 511 1244 verbis,
538 1168 782 1228 enumerassent
801 1159 985 1243 vocabula,
1010 1159 1047 1226 in
1070 1158 1190 1246 quibus
1213 1157 1402 1231 creditne

288 1262 378 1330 banc
394 1262 671 1354 significationem
686 1260 831 1346 babere,
856 1283 942 1352 quo,
968 1259 1077 1351 quiid
1093 1269 1252 1352 agerent,
1269 1260 1404 1352 singula

289 1366 354 1433 suis
382 1365 465 1434 locis
494 1366 604 1457 posita
626 1373 832 1454 quaererent.
890 1365 979 1450 Non,
993 1363 1100 1431 minus
1132 1363 1278 1431 dubitari
1305 1384 1404 1453 posse

243 1468 461 1551 ltvidemus,
509 1491 552 1536 arr
589 1467 829 1559 disputationes
866 1467 1032 1557 quaedam
1069 1466 1113 1534 de
1149 1466 1405 1556 interpretandis

289 1567 572 1660 emendandisque
593 1571 758 1639 nonnullis
777 1579 928 1639 veterum
945 1571 1145 1660 scriptorum
1167 1568 1250 1638 locis
1273 1569 1404 1638 alienae

287 1673 395 1740 videri
418 1696 438 1739 a
462 1672 561 1742 lexici
584 1674 699 1743 officio
723 1675 878 1742 debeant.
936 1673 994 1742 Sic
1015 1672 1169 1762 queede
1192 1694 1290 1740 versu
1313 1695 1401 1762 quo-

287 1775 369 1842 dam
385 1775 520 1864 Epinici
541 1776 634 1867 apud
655 1776 867 1846 Athenaeum
889 1774 935 1845 ad
953 1775 1166 1844 Thesaurum
1191 1797 1228 1864 p.
1249 1774 1312 1843 48.
1330 1799 1400 1866 seq.

287 1886 378 1967 etp.
400 1877 484 1946 1⁰⁰.
512 1877 582 1967 seq'.
608 1879 831 1969 disputantur,
873 1889 966 1946 tanto
986 1879 1095 1970 magis
1115 1876 1270 1946 videntur
1294 1879 1403 1948 omitti

285 1979 451 2072 potuisse,
477 1981 571 2070 quod
587 2005 626 2049 ea
645 1983 720 2072 ipsa
735 1981 916 2072 disputatio
931 1981 1114 2050 doctissimi
1125 1979 1267 2048 Barkeri
1280 1983 1403 2050 inserta

157 2165 159 2172 Α
287 2092 336 2150 est
351 2081 470 2151 wolfii
487 2083 658 2154 Analectis
672 2084 855 2152 litterariist
879 2083 939 2151 nbi
959 2106 1020 2153 uos
1037 2105 1173 2176 quoque
1191 2093 1339 2153 nostram
1356 2084 1401 2154 de
1453 2173 1455 2178 Ι

287 2186 427 2280 θολοοο
451 2188 648 2256 sententiam
671 2187 946 2280 exprompsimus.

388 2389 459 2462 Sed
479 2392 555 2462 satis
577 2392 706 2466 dictum
726 2395 860 2465 videtur
881 2395 925 2464 de
939 2394 1087 2480 ratione,
1116 2418 1186 2485 qua
1205 2392 1294 2464 baec
1314 2415 1402 2463 nova

284 2493 454 2564 uaesana
486 2496 705 2588 stephanam
735 2498 839 2568 earm
869 2499 993 2566 insum
1029 2509 1151 2590 coepta
1184 2507 1244 2566 eo.
1301 2501 1400 2568 Nunc
1518 2467 1520 2550 l

283 2619 390 2672 unnnr
411 2601 595 2668 alterumve
619 2603 734 2670 locum
756 2603 879 2693 paullo‘
900 2602 1082 2688 accuratius
1104 2601 1398 2670 considerabimus.

284 2699 324 2766 P.
346 2695 431 2767 259.
457 2723 564 2788 quum
583 2703 617 2770 in
638 2728 670 2771 v.
695 2702 841 2798 ἄγαλμα
873 2706 983 2772 obiter
1005 2717 1269 2776 commemorata
1290 2715 1399 2785 essent

284 2802 387 2868 verba
405 2799 575 2892 Euripidis
592 2806 625 2873 in
640 2807 778 2876 Heracl.
794 2805 880 2875 898.
901 2801 1018 2879 πολλοὶ
1041 2801 1112 2903 yolp
1138 2808 1253 2880 τίκτει
1267 2811 1398 2902 Μοῖρα

284 2897 577 3001 ceiecordor'rerp',
602 2901 706 2982 Aio'v
731 2937 773 2980 ce
799 2903 949 3004 Κρόνου
975 2915 1080 2990 παῖς,
1112 2911 1147 2977 in
1167 2909 1315 2978 subiecta
1332 2911 1399 2976 arl-

283 3005 454 3073 notatione
477 3009 588 3097 primo
604 3009 755 3077 Elmsleii
779 3011 823 3078 ad
846 3032 924 3078 eum
944 3012 1059 3079 locum
1077 3013 1178 3080 verba
1201 3011 1398 3095 afferuntur,

284 3108 340 3177 cui
356 3110 497 3177 verbum
513 3105 809 3208 rsieoordor'rerpo
827 3135 892 3205 per
913 3118 941 3185 oi
960 3115 1119 3205 scriptum
1141 3103 1316 3204 analogiae
1340 3137 1396 3182 re-

282 3232 436 3302 pugnare
450 3210 636 3283 videbatur.
666 3257 672 3274 ι
688 3215 829 3301 Addunt
849 3215 1029 3302 Editores,
1056 3229 1232 3306 utramque
1249 3218 1394 3284 formam

282 3312 358 3380 satis
384 3316 527 3403 probam
550 3339 638 3401 esse,
676 3317 802 3407 pariter
828 3327 866 3387 ut
891 3343 911 3387 a
937 3313 1054 3412 βόσκω
1085 3321 1231 3388 formata
1262 3321 1395 3387 nomina

282 3438 369 3486 nunc
393 3420 414 3489 ὁ
424 3469 438 3505 ,
464 3439 553 3486 nunc
579 3425 607 3490 oi
633 3418 797 3504 habeant,
822 3421 883 3490 sed
902 3433 1091 3513 correptam
1112 3425 1265 3492 vocalem
1278 3422 1395 3491 Atticis

281 3519 392 3611 poetis
408 3520 529 3616 magis,
555 3543 676 3613 prorae
694 3523 852 3591 orationis
868 3525 1086 3614 scriptoribus
1106 3528 1203 3594 unice
1221 3526 1393 3617 placuisse.

280 3621 449 3713 Exempla
471 3625 651 3692 maximam
675 3635 807 3715 partem
831 3649 871 3694 ex
893 3625 1053 3718 Orphicis
1075 3628 1296 3720 depromunt,
1331 3628 1395 3695 ob-

280 3724 422 3814 iterque·
447 3719 623 3825 ἤγεμόνην
661 3728 755 3819 apud
788 3729 1038 3799 Callimachum
1065 3729 1101 3798 b.
1125 3733 1228 3803 lliart.
1252 3725 1338 3798 225.
1375 3755 1394 3797 a

280 3825 490 3894 Blomfieldii
512 3829 703 3898 coniectura
722 3831 917 3900 defendunt.
974 3832 1168 3902 Laudamur
1199 3833 1290 3901 hanc
1317 3833 1394 3900 dili-

279 3928 446 4018 gentiam,
470 3928 612 3998 sednon
625 3931 864 4003 dissimulamus
885 3943 1014 4021 tamen,
1039 3956 1109 4005 nou
1124 3937 1216 4004 omni
1238 3945 1394 4027 exparte

278 4051 358 4126 vera
371 4030 460 4098 haec
471 4042 534 4102 'aut
547 4034 622 4102 satis
637 4046 792 4105 accurate
808 4037 976 4128 disputata
996 4041 1092 4108 nobis
1111 4039 1229 4109 videri
1278 4038 1394 4106 Primo

279 4131 369 4198 eninr
391 4154 460 4200 non
483 4145 576 4205 erant
598 4137 729 4208 formae
752 4132 873 4232 δότης,
905 4134 1041 4238 δότηρ,
1072 4136 1215 4238 doirorp,
1250 4140 1394 4231 perinde

276 4232 464 4302 habendae.
514 4240 601 4307 Nam
618 4236 742 4337 doirop
761 4265 825 4312 nec
839 4243 999 4335 simplex,
1025 4267 1135 4334 neque
1160 4246 1195 4312 in
1220 4244 1397 4335 composi-

275 4337 318 4420 tis
336 4355 478 4427 usquam
500 4337 607 4411 babet
634 4354 825 4438 correptam
852 4347 1017 4418 vocalem.
1068 4348 1200 4418 Butleri
1221 4347 1395 4417 inventum
