3058 5046
284 369 348 432 luo
399 365 448 426 DE
468 365 729 438 ulruuotoolt
751 365 993 446 GRAECORVM
1013 367 1290 444 uuuluvtssuua

282 537 357 606 tinis
378 561 398 606 a
419 535 568 606 creando
591 534 825 624 cerastim,
858 559 947 627 quae
972 547 1022 608 eat
1042 539 1163 624 vietus,
1188 561 1292 627 quem
1311 548 1400 608 terra

282 642 440 732 praebet:
473 640 594 727 inquo
615 641 788 731 proximus
810 649 943 710 auerte
968 643 1049 712 sede
1074 643 1238 712 domicilii
1255 643 1401 712 cernitur
1438 713 1441 720 ,

281 745 368 814 vitae
393 743 598 812 excolendae
627 743 765 836 gratim
822 745 939 814 Tertia
966 758 1015 814 est
1036 744 1161 843 Ἥρη,
1195 744 1399 836 Populonia,

281 870 384 936 quam
404 846 636 936 Empedocles
666 855 701 914 et
724 849 848 917 caeteri
874 856 1001 917 veteres
1032 850 1116 918 aeris
1143 850 1320 940 regionem
1346 849 1400 915 in-

279 951 440 1020 feriorem
461 971 531 1020 esse
554 957 724 1039 putarunt.
775 952 822 1019 At
843 960 880 1026 ,et
900 974 1023 1020 nomen
1045 952 1135 1036 eiua,
1170 952 1265 1040 quod
1287 953 1331 1020 ab
1358 973 1399 1018 ea

280 1053 395 1124 radice
420 1061 486 1137 est,
513 1052 603 1146 unde
628 1049 778 1150 ἀραρεῖν
795 1063 829 1122 et
844 1050 1038 1152 deuotam,
1064 1063 1229 1126 servatum
1253 1055 1288 1122 in
1308 1054 1401 1124 Ger<

279 1157 412 1228 manico
436 1155 543 1240 teer,
582 1165 617 1224 et
637 1178 760 1226 nomen
788 1153 993 1253 Ἡρακλῆς,
1041 1167 1075 1228 et
1096 1159 1293 1250 coniugium
1321 1179 1399 1228 eum

278 1261 378 1344 Iove,
405 1268 439 1328 et
449 1268 635 1352 perpetuae
652 1280 731 1331 oum
747 1281 797 1340 ,eo
811 1260 920 1346 rixae,
947 1270 986 1331 et.
998 1262 1182 1354 impeditus
1194 1270 1310 1353 partus
1328 1260 1398 1331 La-
1518 1349 1519 1356 ἵ

278 1374 399 1448 tonae,
433 1371 469 1431 et
487 1363 658 1453 profectio
675 1364 710 1432 in
733 1372 896 1435 extremas
913 1373 1076 1450 terrarum
1099 1388 1175 1438 oras
1196 1365 1241 1432 ad
1258 1362 1398 1452 Tethyn

280 1466 419 1540 Oceano
436 1467 742 1552 reconciliandam,
769 1476 803 1535 et
824 1477 994 1554 certamen
1013 1491 1091 1538 oum
1114 1469 1238 1553 Iliona,
1266 1467 1398 1556 dequo

280 1595 367 1660 quae
388 1579 481 1639 recte
509 1569 599 1638 diota
620 1570 754 1638 fueraut
774 1571 810 1638 in
830 1571 945 1640 iliadis
973 1573 1032 1648 lib.
1054 1572 1128 1640 XX.
1146 1571 1261 1662 inepte
1281 1569 1398 1638 relicta

278 1686 353 1744 sunt
373 1675 409 1740 iu
428 1672 490 1740 lib.
510 1673 601 1740 XXI.
622 1696 690 1742 non
718 1674 827 1742 sinunt
854 1673 1025 1762 dubitare,
1058 1676 1155 1766 quio,
1196 1674 1255 1765 qui
1283 1673 1397 1748 tertius

277 1777 404 1869 gradus
431 1784 480 1844 est
505 1773 705 1866 perficiendi
738 1779 867 1864 cultus,
907 1780 1181 1849 communitatem
1213 1777 1397 1846 debeamus

277 1882 366 1962 vitae
385 1878 518 1946 socialis
530 1879 733 1972 intelligere.
755 1930 759 1944 .
782 1880 842 1948 Ad
863 1903 1010 1970 eumque
1033 1881 1174 1956 modum
1199 1878 1398 1972 euplicauda

278 1981 503 2072 eritlfabula,
539 1984 685 2072 quaein
711 1982 879 2074 principio
909 1983 1212 2074 lib.·,xv.,11iadis
1237 1992 1395 2052 narratur.

276 2087 412 2156 Fratres
431 2083 553 2178 harum
567 2094 642 2157 sunt
661 2081 787 2183 Ἀΐδης
796 2139 810 2176 ,
836 2086 1003 2173 Nelucus,
1030 2110 1099 2178 quo
1120 2088 1256 2158 nomine
1272 2086 1397 2156 intelli-
1518 2149 1519 2166 ,

276 2199 403 2282 guntur
425 2189 503 2258 loca
522 2188 611 2256 infra
630 2198 755 2256 terram
779 2187 909 2270 abdita;
944 2183 1173 2272 Ποσειδάων,
1209 2192 1395 2281 Neptunus,
1518 2211 1519 2256 3

276 2294 336 2388 qui
356 2315 449 2363 mare
471 2300 582 2376 notat,
616 2291 711 2384 quod
729 2302 854 2362 terram
878 2293 999 2385 cingit:
1032 2316 1074 2364 ex
1101 2315 1170 2381 quo
1200 2287 1395 2390 Γαιήοχος,
1518 2371 1519 2388 ¹

274 2394 494 2467 Telluricinx.
548 2388 762 2467 Ποσειδάων
777 2395 852 2480 ille,
880 2396 948 2464 sive
965 2397 1160 2482 notatum,
1187 2395 1232 2464 de
1248 2419 1317 2485 quo
1332 2417 1396 2463 no·
1518 2393 1519 2422 ¹

276 2501 366 2568 mine
385 2499 471 2568 mira
483 2498 779 2584 comminiscuntur
793 2499 1024 2591 grammatici,
1051 2523 1072 2566 a
1091 2499 1202 2568 verbis
1222 2493 1325 2579 πόσις
1341 2497 1395 2567 vel
1517 2571 1518 2592 χ

276 2595 392 2674 troada
408 2610 443 2670 et
460 2599 627 2672 Ιεἴδεσθοιι
641 2601 768 2686 dictus,
795 2601 890 2690 quod
909 2603 1025 2694 potilis
1043 2601 1193 2686 videtur,
1219 2625 1323 2692 quum
1341 2611 1394 2668 ta-

184 2785 187 2805 ,
276 2727 355 2786 men
368 2713 512 2795 propter
528 2703 755 2772 salsitudiuem
776 2705 850 2772 bibi
871 2714 1025 2796 nequeat.
1076 2707 1132 2774 Ab
1153 2705 1276 2774 eadem
1297 2727 1334 2772 re
1352 2705 1394 2772 ab

275 2807 438 2876 Romanis
459 2807 651 2899 Neptunus,
684 2808 779 2896 quasi
802 2809 1019 2900 NepotunuS,
1039 2817 1198 2889 uocatur.
1222 2869 1223 2873 ,
1249 2807 1395 2878 Vltimus

277 2919 326 2980 est
341 2901 450 2997 Zetis,
477 2907 639 2994 Ferulae,
669 2913 727 2998 qui
742 2912 820 2981 looa
835 2915 949 2981 tenens'
964 2939 1022 2999 ea,
1048 2934 1135 2999 quae
1153 2934 1254 3001 supra
1270 2920 1395 2978 terram
1516 2975 1517 2980 ,

251 3002 367 3098 sunt,
400 3013 569 3081 servorem
601 3011 814 3082 animabilem
846 3025 958 3104 notat,
998 3014 1092 3106 quod
1119 3013 1268 3082 caelestis
1300 3015 1396 3081 calor

274 3118 407 3186 feruere
428 3117 539 3184 omnia
561 3123 595 3183 et
616 3117 732 3210 vigere
752 3119 843 3187 facit.
894 3121 941 3188 Et
963 3117 1119 3209 quoniam
1144 3116 1272 3184 ibidem
1293 3117 1394 3184 etiarn

274 3229 488 3311 tempestates
504 3219 721 3312 concitantur,
748 3223 877 3290 fulmen
893 3226 925 3293 ei
941 3247 982 3292 ae
994 3223 1121 3291 tonitru
1135 3222 1269 3288 tributa.
1297 3220 1394 3306 Quae
1516 3259 1517 3308 ἢ

274 3334 398 3391 attexta
421 3323 482 3392 hic
503 3335 552 3390 est
578 3326 621 3390 ab
647 3324 800 3393 Hesiodo
824 3327 940 3396 fabula
963 3327 1008 3396 de
1038 3327 1182 3396 Saturno
1204 3334 1299 3392 natos
1319 3345 1393 3391 suos

274 3429 474 3520 devorante,
501 3427 546 3495 de
564 3450 604 3494 ea
625 3426 712 3496 infra
735 3429 874 3498 dicetur.
1118 3439 1120 3444 “

305 3615 310 3620 ’
375 3635 486 3702 Antea
500 3635 589 3702 enim
603 3633 891 3704 commemorandi
906 3641 982 3702 sunt
993 3633 1103 3703 ultimi
1114 3632 1286 3718 Titanum,
1311 3627 1390 3704 'Iu-

274 3731 401 3823 πετός,
441 3735 603 3825 MersiuS,
644 3747 678 3805 et
700 3741 872 3834 Κλυμένη
880 3767 902 3827 ,··
936 3738 1108 3822 Cluentia,
1151 3737 1229 3803 iilia
1251 3734 1391 3805 Oceani.
1418 3773 1424 3776 -
1515 3761 1516 3770 ¹

267 3840 322 3907 ΙΗί
335 3851 503 3928 ⁴quattuor
525 3863 675 3932 genuere
697 3842 803 3926 lilios,
837 3839 1026 3925 Atlantem,
1052 3840 1280 3923 Menoetium,
1306 3840 1393 3906 Pro-
1514 3869 1515 3878 ¹

273 3941 467 4031 metheum,
500 3943 754 4034 Epimetheum.
812 3945 891 4011 Non
921 3953 970 4014 est
999 3944 1198 4027 obscurum,
1227 3943 1393 4032 pertinere
1514 3979 1515 4038 ἦ

273 4045 362 4116 haec
377 4047 421 4114 ad
435 4050 649 4139 novigentoc,
675 4049 783 4135 qui-in
799 4071 891 4115 mare
906 4047 997 4114 fama
1012 4047 1117 4115 modo
1133 4047 1309 4136 cognitum
1331 4043 1394 4111 de-

273 4149 349 4242 lati,
376 4151 549 4220 confracta
568 4152 655 4236 navi,
679 4152 799 4242 ignoto
815 4151 849 4217 in
863 4151 976 4220 littore
995 4151 1094 4220 eiecti
1112 4151 1245 4218 fuerint.
1296 4149 1392 4216 Alius

274 4253 406 4323 fortiter
426 4255 538 4321 omnia
555 4255 646 4322 mala
672 4255 838 4337 sustinuit,
873 4255 933 4342 qui
956 4262 1005 4332 est
1031 4251 1189 4354 ”furlum
1230 4249 1393 4334 Sufferus,

276 4357 409 4431 caelum
423 4359 582 4428 sustinere
602 4353 729 4445 dictus,
755 4357 850 4447 quod
864 4359 900 4426 in
914 4355 1069 4430 extremis
1082 4357 1149 4426 oris
1164 4365 1287 4450 terram
1307 4375 1393 4424 eon·
