3058 5046
450 367 512 462 AD
537 353 997 428 raul'nnununnvn.
1127 292 1131 318 ¹
1216 365 1279 450 aul

168 543 256 614 Mox
284 565 321 634 p.
342 536 429 610 250.
456 539 491 607 in
520 537 701 608 Simonidis
725 536 871 607 versibus
894 534 1050 605 fraudem
1074 532 1282 606 tibiucam

169 629 334 742 agnosces
351 645 386 712 in
406 643 516 714 verbis
541 639 774 736 ἀντιστρέφει
800 641 839 714 dd
859 635 980 734 αὐτῷ,
1018 661 1107 728 qnae
1123 646 1216 707 recte
1244 659 1281 704 sc

41 751 43 772 '
167 751 306 820 habent
357 749 436 816 Non
454 753 529 814 sunt
546 745 634 815 enim
654 743 835 814 Simonidis
856 743 979 826 verba,
1008 741 1070 810 sed
1091 739 1281 824 Heliodori,

166 855 309 924 dicentis
331 850 455 936 versui,
485 871 587 939 qnam
604 846 710 916 modo
733 848 908 936 attulisset,
931 841 1179 941 ἀντίστροφον
1200 865 1281 928 esse,

163 959 191 1026 i.
206 981 236 1027 e.
251 958 285 1024 in
298 952 510 1046 antistropha
521 951 728 1044 respondere
743 950 856 1054 hunc,
919 1042 921 1048 ‚

377 1121 635 1222 ἁποτρέποοσα
657 1121 794 1220 Κῆρας.

169 1295 289 1389 (Ocni.
305 1296 405 1365 etiam
418 1294 589 1366 Gaisford.
603 1294 649 1363 ad
665 1293 792 1364 Simon.
808 1290 850 1358 fr.
864 1290 899 1358 in
919 1297 1012 1382 poet„
1033 1289 1114 1357 min.
1127 1309 1164 1378 p.
1178 1282 1283 1375 4⁰1.)

169 1396 460 1497 Ἀποτρέπουσα,
486 1423 528 1466 an
543 1394 823 1490 daoaodnooono
837 1416 953 1462 verum
968 1392 1025 1478 sit,
1054 1392 1128 1482 quis
1141 1387 1284 1457 dixerit?

169 1503 252 1572 Plus
277 1501 478 1572 auctoritatis
496 1502 716 1570 nominativus
736 1499 866 1568 habere
885 1497 1025 1564 videtur.
1076 1496 1285 1563 Alterutrum

169 1615 265 1675 certo
285 1629 403 1674 verum
430 1615 489 1673 est.
546 1605 602 1672 De
629 1603 800 1672 Alcmanis
833 1601 1026 1692 fragmento
1050 1597 1211 1690 fugerunt
1238 1603 1284 1678 te,

170 1733 258 1798 quac
288 1709 355 1776 dixi
383 1710 418 1776 in
449 1707 560 1776 diariis
583 1707 776 1776 lenensihns
809 1703 923 1772 1816.
953 1727 998 1770 m.
1028 1703 1172 1792 August.
1198 1693 1284 1763 154.

110 1875 111 1878 ,
168 1812 226 1982 ind
237 1834 374 1881 censura
395 1811 548 1882 editionis
576 1809 850 1895 weicheri-anae,
890 1827 1003 1877 versus
1042 1806 1089 1872 ita
1120 1799 1285 1896 legendos

169 1938 202 1984 vr
227 1938 292 2002 cn,

375 2014 500 2106 Moio',
534 2013 622 2111 c'r'ya5
656 2014 781 2088 Μοῖσα
815 2011 953 2107 λλγαια,
983 2050 985 2054 ’

373 2119 568 2211 πολομολὲς
593 2114 720 2196 αόιδοῖς
744 2118 851 2208 μέλος

376 2213 532 2316 οεοχμόν
559 2217 648 2316 ἄρχε
672 2218 872 2315 πάρθένοις
897 2211 1027 2295 αόίδον,

170 2386 447 2472 postremumque
465 2396 618 2458 versum,
656 2379 690 2439 et
712 2368 825 2458 eum‚'
846 2391 949 2459 quem
978 2362 1060 2434 hnic
1085 2361 1181 2432 addit
1207 2361 1286 2428 Pri·

171 2483 317 2567 scianus,
341 2480 413 2550 hoc
432 2483 541 2548 metro
569 2497 640 2544 esse

530 2637 926 2759 νέν-υ-σΙῖυ-ῦ

171 2803 307 2880 Eodem
332 2815 441 2876 metro
461 2814 511 2874 est
533 2804 612 2888 ille,
649 2802 684 2869 in
706 2807 775 2890 q'no
799 2806 894 2869 recte
923 2793 1074 2888 praefers
1104 2778 1352 2888 χερσόνὸεΑθΙ

173 2915 243 3000 Qui
258 2911 381 2981 deinde
401 2907 539 2978 Pindari
557 2914 591 2976 et
605 2903 825 2996 Bacchylidis
840 2923 953 2971 versus
969 2901 1286 2978 commemorantur,

170 3017 236 3087 hos
259 3036 417 3086 numeros
437 3012 582 3080 habent:

482 3173 809 3296 mlvi-llo:-
850 3172 968 3258 :ov-

164 3345 213 3442 ,ln
244 3340 469 3436 Hipponactis
499 3335 670 3421 veremur,
710 3332 770 3422 qni
791 3338 993 3420 sequnntur,
1034 3321 1120 3393 mihi
1148 3341 1287 3410 quoque

43 3499 47 3506 -
173 3457 264 3520 recte
289 3446 424 3517 videtur
444 3441 643 3530 wolckerus
663 3427 864 3532 Κολλῆνειε
890 3428 1080 3504 coniecisse.

204 3603 235 3702 »ρ
274 3653 360 3745 Pag.
374 3646 467 3719 253.
511 3643 672 3715 Nondum
687 3637 904 3732 persanavisti
916 3631 1095 3725 Eupolidis
1110 3629 1285 3721 fragmen·

173 3767 262 3844 tum,
287 3757 322 3824 in
341 3777 411 3845 quo
431 3771 500 3843 ego
520 3767 657 3838 quoque
680 3747 715 3814 in
735 3743 846 3812 Elam.
870 3739 904 3807 d.
929 3762 975 3808 m.
996 3760 1032 3829 p.
1052 3731 1138 3803 586.
1162 3755 1184 3800 a
1205 3750 1286 3798 vero

174 3859 335 3931 aberravi.
397 3857 494 3926 Bene
516 3853 663 3936 factum,
696 3845 791 3938 quod
816 3843 925 3915 codex
952 3853 1029 3911 tuus
1052 3835 1147 3911 πάνυ
1169 3831 1289 3928 λεπτῷ

175 3964 342 4058 praebuit.
403 3957 474 4028 Sed
502 3955 584 4047 qnid
613 3964 684 4022 tum
715 3952 774 4047 γε’,
822 3971 891 4019 non
929 3968 992 4017 suo
1018 3945 1098 4013 loco
1127 3937 1288 4033 positum,

175 4070 382 4157 omninoque
399 4085 468 4132 non
489 4057 632 4154 aptum?
661 4055 802 4139 Scribe,

277 4201 327 4278 ἵν’
355 4204 494 4286 ἔξεστιν
519 4191 614 4270 ποίου
640 4189 760 4288 λεπτῷ
784 4187 880 4285 κακῷ
904 4214 947 4262 τε
968 4178 1036 4282 τήν
1062 4181 1175 4272 ἰδέαν,

173 4343 261 4432 „nbi
273 4341 355 4414 licet
366 4337 497 4410 homini
512 4356 650 4429 prorsus
663 4329 846 4402 macilento
859 4335 893 4398 et
906 4324 1019 4418 specie
1032 4323 1175 4416 pravo.“
