3058 5046
277 367 342 430 182
390 364 441 423 DE
462 361 723 425 MYTHOLOGIA
745 309 985 424 GRAECORVM
1005 358 1279 435 nnrluvlssmn

277 536 367 628 parit
382 535 589 631 Κέρβερον.
615 531 788 618 Hiscium,
813 533 872 622 qui
885 532 1089 622 transpositis
1101 533 1216 600 litteris
1229 553 1295 621 pro
1313 545 1398 625 upa-

277 631 388 735 μερός
408 637 517 707 dictus
538 635 678 703 videtur.
729 637 820 706 Eum
841 645 1004 706 craterem
1027 658 1085 704 seu
1112 636 1228 714 fauces
1253 633 1400 726 intelligi

279 742 422 827 debere,
448 737 540 810 unde
560 749 739 830 erumpunt
757 739 869 830 ignes,
901 760 942 805 eo
964 738 1198 822 confirmatur,
1224 737 1318 826 quod
1336 761 1398 808 ca-

277 847 328 912 nis
350 842 450 927 Orci,
485 851 519 909 ot
541 836 788 936 χαλκέόφωνος
814 840 942 911 dicitur.
994 841 1110 926 Idem,
1145 840 1241 929 quod
1265 851 1397 908 montes

145 989 148 996 ·
277 946 440 1038 ignivomi
471 943 672 1037 plerumque
699 965 766 1011 non
797 961 866 1013 uno
901 943 935 1010 in
968 940 1065 1028 loeo,
1118 943 1179 1011 sed
1210 943 1246 1010 in
1282 944 1397 1011 multis

277 1049 430 1133 hiscum,
470 1049 634 1140 ignesque
660 1048 812 1132 eiiciunt,
845 1038 1221 1142 πεντηκοντακεῖρηνος
1243 1055 1394 1116 vocatur.

278 1151 413 1225 Deinde
427 1172 468 1218 ex
482 1151 602 1220 iisdem
615 1151 809 1240 parentibus
822 1145 1090 1246 ιιεεοίῐιιεὝδρη
1105 1149 1282 1246 Arouaia,
1308 1149 1397 1218 Bul-

278 1255 498 1328 riaPalunra.
543 1254 675 1324 Notum
701 1264 750 1322 est
769 1253 874 1338 enim,
900 1261 1090 1342 quassatam
1112 1251 1248 1322 infernis
1262 1253 1397 1344 ignibus

215 1412 221 1421 .
278 1367 403 1432 terram
421 1379 524 1450 saepe
549 1357 585 1428 iu
603 1355 767 1448 paludem
788 1356 1005 1442 commutari,
1030 1355 1134 1444 aquis
1147 1356 1274 1444 ubique
1299 1357 1397 1426 ebul·
1423 1445 1428 1450 ᾗ

278 1461 440 1529 dentibus.
492 1460 636 1534 Videtur
657 1471 770 1528 autem
793 1460 894 1528 etiam
917 1480 1042 1527 nomen
1064 1456 1227 1554 Λερναίη
1253 1462 1395 1554 uiant-

278 1557 357 1652 vo'c,
384 1565 441 1634 cui
463 1574 647 1654 cognatum
668 1557 857 1657 λειριόεεε,
891 1561 986 1651 quod
1005 1561 1146 1658 mollem
1165 1570 1278 1646 notat,
1305 1562 1398 1628 deri-

278 1676 410 1734 vatum:
450 1667 541 1736 unde
570 1668 677 1763 λε’ρεη
707 1674 755 1734 est
778 1666 895 1758 palm,
937 1675 1037 1754 atque
1064 1663 1144 1733 inde
1175 1664 1396 1754 proverbium

278 1769 383 1865 λε’ρεη
400 1769 526 1842 κακῶν.
576 1768 734 1858 Hydram
753 1768 955 1838 interemisse
981 1766 1102 1837 dicitur
1123 1767 1312 1854 Hercules,
1339 1769 1398 1857 qui

276 1870 459 1948 indicatum
478 1871 560 1960 quid
576 1871 635 1955 sit,
660 1893 739 1942 oum
757 1864 903 1966 Ἰολάῳ,
931 1869 1174 1962 Compoplino,
1196 1872 1251 1940 cui
1271 1861 1397 1941 ndmen

278 1975 424 2062 averbis
440 1975 533 2047 ἰέναι
555 1983 588 2044 et
604 1968 697 2055 λαός.
750 1973 791 2044 ld
806 1983 873 2060 est,
900 1982 1033 2043 drenuo
1054 1975 1255 2066 congregati
1273 1975 1398 2066 populi

277 2076 397 2154 labore
412 2077 576 2146 exsiccata
591 2099 662 2167 esse
675 2078 752 2146 loca
770 2079 843 2147 ista
884 2075 988 2146 .Tum
1006 2075 1228 2172 Xiuuaeourq,
1243 2078 1397 2146 Torren-

278 2181 399 2265 tinam,
439 2181 529 2270 parit
560 2178 737 2265 Echidna,
776 2180 903 2250 dictam
934 2181 978 2248 ab
1006 2179 1152 2248 nomine
1190 2178 1395 2279 χείμᾶῥρος.

277 2281 457 2376 Significat
483 2283 573 2352 enim
599 2283 802 2374 profluentia
827 2281 1012 2371 liquefacta
1039 2306 1117 2350 saxa
1144 2289 1257 2371 atque*
1270 2307 1396 2371 arenas,

168 2473 170 2476 Ι
278 2409 383 2475 quam
396 2385 502 2456 hodie
525 2387 648 2456 luvam
670 2397 810 2478 vocant:
834 2386 927 2460 uude
940 2397 974 2458 et
987 2385 1103 2477 ignem
1124 2386 1250 2476 spirare
1263 2387 1395 2475 dieitur,

149 2489 152 2498 '
279 2499 314 2557 et
334 2490 401 2558 tria
412 2490 533 2582 ¹capita
552 2489 701 2576 habere,
726 2491 797 2559 sive
819 2490 950 2581 aptius,
979 2497 1017 2558 ut
1033 2489 1127 2582 apud
1145 2483 1346 2578 Homerum,

214 2640 276 2734 ‘14
436 2652 578 2760 nodedu
611 2661 720 2750 λέων,
762 2657 897 2734 ὄπιθεν
937 2659 976 2734 dd
1007 2649 1168 2758 δράκων,
1208 2653 1322 2760 utnon
1357 2664 1396 2738 oi
1437 2671 1440 2677 ’
1516 2761 1517 2768 ¹

1044 2761 1216 2863 χίμαιρα,
1516 2775 1517 2784 ’

278 2915 301 2988 ἱ·.
323 2922 559 2982 economum
580 2915 753 2999 vastatrix,
784 2913 963 2982 inmedio
985 2922 1133 2998 torrens,
1164 2914 1202 3006 in
1223 2923 1398 3005 postrema

277 3026 375 3110 parte
399 3017 521 3104 draeo,
549 3019 615 3086 alte
635 3019 827 3088 flammante
851 3016 972 3087 cauda.
1022 3017 1149 3084 Sedena
1172 3016 1241 3083 eius
1264 3017 1397 3090 indica-
1516 3021 1517 3048 *

277 3131 349 3189 tam
374 3129 496 3212 putant
518 3123 562 3191 ab
577 3122 740 3196 ,Homero
759 3120 858 3189 iliad
879 3120 971 3190 XVI
994 3118 1089 3190 328..
1112 3142 1217 3209 quum
1239 3123 1398 3192 nutritam

278 3224 324 3290 ab
346 3225 548 3292 Amisodaro
571 3223 608 3316 *)
634 3225 732 3310 dicit,
758 3225 930 3313 (disertius
949 3223 1056 3292 filiam
1081 3222 1181 3291 huius
1205 3235 1304 3294 vocat
1328 3228 1397 3296 Pa·
1516 3229 1517 3244 ¹

278 3325 475 3418 laephatus,
503 3337 537 3396 et
559 3351 601 3396 ex
623 3351 665 3396 eo
683 3327 901 3420 Apostolius)
926 3349 1028 3416 quem
1052 3326 1245 3395 Eustathius
1268 3351 1315 3396 ex
1337 3353 1396 3398 ve-

277 3429 404 3507 teribus
416 3430 553 3500 scholiis
568 3431 688 3500 Cariae
708 3425 848 3522 regem,
871 3430 1032 3499 Aelianus
1051 3438 1163 3497 autem
1183 3439 1217 3498 et
1240 3433 1413 3504 Eudociav

274 3531 405 3624 Lyciae
421 3534 522 3604 fuisso
537 3535 663 3602 volunt
715 3537 763 3602 Ar
776 3533 846 3604 hoc
860 3555 999 3624 quoquo
1019 3533 1139 3602 montis
1152 3533 1317 3624 ignivomi
1334 3558 1397 3604 no·
1516 3529 1517 3560 ¹

278 3656 359 3705 men
380 3645 446 3724 est,
487 3638 764 3729 Perpetivastius,
795 3637 942 3721 factum,
981 3635 1045 3705 nisi
1069 3636 1192 3721 fallor,
1237 3661 1258 3704 a
1288 3640 1397 3708 verbis

280 3741 371 3836 δέρω
395 3750 430 3808 et
452 3739 545 3835 με’ω,
571 3742 593 3809 i.
619 3765 649 3810 e.
663 3737 792 3835 finde,
818 3763 859 3808 er
877 3762 946 3829 quo
967 3738 1094 3831 μέτες,λ
1119 3737 1304 3832 μίνυνθα,
1331 3740 1398 3834 με’-

220 3913 223 3918 ,
279 3865 382 3936 uoce,
408 3838 568 3935 μισθός,
603 3855 638 3912 et
662 3842 831 3934 oppidum
847 3841 1017 3934 Ἀμισος.
1076 3839 1215 3930 Occidit
1237 3833 1399 3914 Chimae-

279 3965 374 4030 ram,
409 3947 561 4040 Pegaso,
599 3949 621 4015 i.
646 3971 676 4016 e.
708 3946 785 4014 navi
805 3944 1047 4029 mirensium,
1086 3939 1397 4046 Βελλεροφόντης,

279 4128 481 4147 mvn——
561 4133 567 4140 ⁶

140 4288 141 4293 κ
279 4259 352 4411 v*)
374 4263 476 4416 sgmgle
498 4231 605 4330 nomen
615 4265 805 4347 Pixodarus,
825 4267 865 4330 de
887 4288 949 4349 quo
969 4289 999 4330 v.
1023 4277 1087 4331 not.
1109 4267 1398 4350 adstrabon.1om·
1427 4299 1432 4310 ·

194 4361 202 4378 .
308 4371 367 4430 .p.
455 4395 462 4409 ι
