3120 5030
393 324 633 388 sunnonis
660 324 894 388 flournlcr
919 325 1028 390 DISS.
1049 326 1072 387 1.
1240 329 1284 392 w
1387 338 1392 350 '
1515 349 1519 358 ·

181 516 284 585 quum
315 495 490 583 quotannis
519 497 590 568 uvis
619 498 802 567 abundasse
829 496 944 583 sciret,
983 496 1140 588 quomam
1169 495 1284 568 adhuc

180 598 287 668 culter
305 597 417 684 videt,
440 607 618 690 utrumqne
639 610 772 692 tempus
795 599 975 692 coniungit
1025 599 1139 686 Quare
1162 601 1189 667 ri
1211 600 1284 690 quir

180 700 249 768 vim
269 701 450 769 verborum
469 701 719 794 interpretando
741 701 927 794 exprimere
953 701 1064 789 volet,
1096 702 1143 770 ita
1166 701 1279 772 dicen·

182 803 265 870 dum
281 802 356 872 erit:
377 804 488 895 primi
509 804 659 890 adeatis,
694 805 826 898 quoties
848 805 973 897 epotos
994 803 1283 896 apparebamus:

178 905 291 975 ornaris
309 906 453 997 generis
474 905 551 976 ons
575 905 780 993 abundent,
818 908 954 1000 poetico
982 907 1068 976 ormi
1094 913 1284 1000 tempestae

166 1005 402 1101 secundaret.
461 1007 585 1106 Qualia
613 1009 758 1080 sermoni
788 1009 944 1080 familiari
969 1009 1070 1081 facile
1099 1009 1283 1080 condonari

202 1117 322 1180 ossunt

146 1133 200 1211 'p
235 1225 237 1232 '
275 1211 464 1282 Postularet
481 1211 644 1281 institutus
664 1211 770 1298 ordo,
795 1219 832 1280 ut
847 1211 946 1282 etiam
967 1211 1014 1284 de
1035 1211 1097 1281 illo
1112 1211 1283 1282 conditio·

180 1337 260 1384 num
276 1337 401 1410 genere
425 1313 647 1405 explicarem,
680 1338 748 1407 quo
768 1315 906 1403 sumitur
926 1315 1053 1408 aliquid
1075 1339 1162 1402 esse,
1188 1314 1282 1405 qnod

178 1417 277 1489 simul
294 1439 364 1487 non
378 1440 450 1486 esee
471 1416 635 1506 fatemur,
658 1419 714 1487 vel
734 1426 859 1490 contra.
910 1415 976 1488 cui
996 1419 1045 1488 rei
1066 1418 1279 1489 indicativum

176 1520 302 1607 aoristi‚
335 1517 542 1612 imperfecti,
578 1531 612 1590 et
631 1519 953 1612 plusquamperfecti
974 1505 1174 1590 deetinntum
1199 1544 1281 1606 esse,

175 1645 278 1715 supra
294 1623 447 1692 iudicavi.
506 1621 577 1691 Sed
602 1624 672 1693 hoc
692 1624 738 1692 ito
763 1631 797 1692 et
820 1622 960 1715 planum
983 1631 1017 1693 et
1042 1623 1281 1716 pervulgatum

134 1722 138 1733 ’
176 1737 244 1812 eet,
275 1735 313 1794 ut
336 1725 763 1814 rectiuepraetermittatur.
815 1725 893 1812 Quo
912 1718 1021 1818 migra
1041 1726 1177 1797 nuans
1197 1749 1280 1812 sum,

174 1851 279 1920 quum
294 1825 579 1898 Thierschiumin
598 1831 760 1921 epimetro
772 1829 852 1913 illo,
878 1829 988 1918 quod,
1013 1851 1100 1920 pace
1114 1829 1174 1897 viri
1195 1829 1281 1897 ami·
1306 1887 1309 1894 .

176 1933 296 2003 oissimi
316 1930 473 2016 dixerim,
507 1939 616 2000 totum
640 1930 810 2002 retractari
831 1932 875 1999 ab
898 1954 940 2000 eo
964 1932 1082 2015 velim,
1106 1929 1281 2000 itainhoo

175 2057 302 2128 genere
314 2019 597 2120 vidi‘offendere,
615 2045 653 2103 nt
669 2059 706 2128 p.
726 2031 813 2104 211.
832 2044 1078 2104 monstruosum
1093 2055 1162 2104 esse
1185 2033 1281 2105 dice-

174 2149 226 2208 ret
241 2136 328 2207 illud
339 2136 516 2228 Apollonii
529 2137 659 2206 Rhodii
671 2139 698 2205 l.
714 2134 800 2206 281.
815 2137 884 2210 αἵθ
908 2135 1041 2232 ὄφελον
1067 2132 1154 2211 κεῖν’
1181 2131 1282 2231 ἦμαρ

173 2236 294 2314 αὐτίκ’
319 2232 395 2314 cino
419 2231 537 2334 ψυχήν
561 2240 724 2332 μεθέμεν
749 2239 881 2332 κηδέων
905 2266 947 2312 τε
966 2238 1172 2324 λαθέσθαι,
1197 2233 1280 2332 ὄφρ’

173 2334 286 2422 αὐτός
309 2367 357 2432 με
391 2339 493 2434 τεῇσι
526 2341 627 2436 (pcipe
659 2333 846 2436 ταρχύσαο
872 2339 1011 2434 χερσίντ
1045 2338 1139 2427 quod
1164 2341 1282 2411 rectis·
1424 2359 1428 2368 ·

172 2446 256 2514 cirne
283 2441 520 2524 (detumesce,
560 2451 593 2509 ct
622 2443 688 2526 sic,
719 2449 758 2510 ut
783 2439 880 2506 oliter
903 2463 945 2508 ne
965 2440 1114 2529 potuerit
1130 2441 1280 2530 quidem,

172 2548 235 2616 nisi
249 2543 402 2628 aliunde,
427 2551 518 2610 certe
540 2564 581 2612 ex
600 2540 865 2612 adnotationibus
885 2542 930 2609 ad
947 2533 1110 2634 vigeram
1132 2563 1168 2634 p.
1192 2538 1278 2611 767.

173 2651 232 2719 lv.
255 2656 289 2717 ot
307 2641 393 2714 805.
420 2655 537 2713 notum
556 2668 626 2715 ceso
648 2643 839 2716 credebam.

272 2751 328 2822 Eo
346 2750 449 2842 igitur
461 2747 624 2839 perdocta
641 2747 880 2840 disputatione,
907 2767 976 2836 quo
990 2745 1158 2833 volebam,
1182 2745 1279 2837 quod

173 2877 274 2946 sopra
295 2876 351 2922 me
364 2852 531 2920 facturum
544 2851 691 2937 ostendi,
716 2859 754 2918 ut
771 2849 892 2918 modos
911 2852 1108 2935 verborum,
1133 2847 1279 2940 quos-ad

174 2957 438 3049 comparationes
459 2953 623 3024 adhibere
649 2955 817 3022 Homerus
848 2952 949 3037 solet,
982 2955 1200 3046 attingerem,
1241 2950 1279 3021 id

172 3061 330 3150 quoniam
351 3057 486 3150 longius
507 3067 574 3143 est,
607 3080 709 3147 quam
736 3065 774 3124 ut
803 3054 862 3124 hic
892 3057 1025 3125 tractari
1051 3056 1173 3146 poerit,
1212 3054 1279 3124 alia

173 3162 416 3249 decmbere,
440 3182 528 3251 qnae
546 3181 626 3230 mox
640 3157 773 3234 edendo
793 3158 870 3243 erit,
896 3160 1112 3250 complector.
1282 3165 1325 3233 28
