3120 5030
243 417 274 454 ,⁹
303 370 346 432 28
378 366 435 427 DE
462 361 669 430 Luolnvs
691 363 972 442 Qvlnvsnln
1001 364 1377 428 SVBTILIORIBVS

405 538 500 609 Alius
520 537 642 608 modus
663 547 728 624 est,
754 562 859 628 quum
881 539 1098 630 praeteritum
1119 539 1271 624 talc‘est‚
1298 537 1423 607 ateius

289 633 352 713 ,vis
366 643 493 712 etiam
484 665 518 710 ιιι
538 643 705 734 praesenti
720 639 901 732 futuroque
914 651 1069 733 tempore
1085 651 1291 734 pennancat.
1322 641 1420 710 Iliad.

305 774 336 819 ν.
353 744 415 818 88.
441 740 594 838 γνόσιαν
613 741 807 864 Ατρεέδην
822 742 1102 839 Αγαμέμνονα,
1129 738 1197 819 τόν
1194 746 1301 865 περὶ
1323 771 1423 817 παν

265 905 266 910 ι
302 875 376 922 τον
402 842 534 929 Ζεδς
520 849 636 944 ενέηιιε
663 839 811 921 πόνοισι
843 849 1059 943 διαμπερές,
1095 840 1203 928 εἰςόιι
1229 841 1357 943 ἁῦτμη
1383 851 1422 919 έν

303 945 478 1047 στήθεσσι
494 951 602 1047 μένῃ,
628 949 690 1022 κατ’
707 974 775 1042 μοι
790 949 878 1046 φίλα
891 944 1047 1043 γοόνατ
1063 945 1195 1048 σ’ροόρη.
1247 949 1306 1019 Sic
1319 949 1419 1016 Iliad.

301 1081 335 1126 u.
357 1051 443 1119 ala.
474 1053 572 1146 (coll.
596 1079 635 1148 φ.
658 1049 762 1144 373.)
793 1079 830 1147 φ.
852 1051 942 1120 229:
970 1080 1008 1125 οι.
1032 1051 1118 1122 115.
1148 1063 1182 1121 et
1204 1049 1290 1120 194.
1322 1053 1419 1144 (coll.

301 1154 389 1224 119.
407 1155 511 1246 147.)
539 1153 607 1225 od.
634 1154 750 1230 θ.44.
776 1185 808 1229 ιι.
826 1154 886 1229 21.
913 1161 943 1230 λ
964 1154 1098 1251 432
1101 1151 1200 1223 ..55
1219 1175 1260 1250 φ.
1280 1153 1421 1228 zoa...

301 1258 388 1326 2⁰1.
440 1259 552 1327 Huius
574 1258 708 1350 generis
732 1268 783 1327 est
806 1259 906 1328 etiarn
921 1258 994 1327 hoc
1014 1259 1111 1327 Iliad.
1134 1284 1167 1354 η.
1193 1255 1278 1325 394.
1300 1285 1361 1330 ιιαι
1353 1257 1421 1331 δέ

301 1354 385 1434 τόδ’
412 1354 570 1456 η’νόγεον
592 1363 704 1434 εἰπεῖν
724 1363 826 1450 ἔπος,
854 1363 913 1435 αι”ιι
921 1357 1094 1459 ἐθέλητε
1115 1358 1331 1435 παύσασθαι
1356 1388 1422 1434 πο-

301 1464 427 1556 λέμοιο
447 1465 626 1561 δυςηχέος,
653 1459 763 1544 εἰςόιιι
778 1491 922 1559 νεκροσς
941 1463 1096 1557 νείομεν
1150 1465 1322 1556 Compara
1342 1485 1421 1532 curn

300 1567 372 1634 hoo
390 1591 427 1639 π.
448 1563 556 1638 61.σ
557 1564 678 1633 .189.
731 1567 795 1635 Vix
817 1589 903 1658 opus
928 1576 995 1652 est,
1029 1577 1068 1636 nt
1087 1567 1261 1651 adiiciam,
1296 1567 1421 1636 eodem

300 1668 407 1737 modo
425 1669 607 1759 particulas
629 1670 747 1737 finales
769 1671 930 1754 construi,
956 1671 1016 1738 ubi
1036 1669 1176 1740 effectus
1192 1671 1240 1738 rei
1254 1673 1422 1760 praeteri-

299 1781 356 1840 tae
380 1770 494 1842 adhue
517 1774 685 1863 praesenti
705 1784 861 1862 tempore
884 1773 1104 1864 conspicuae,
1138 1774 1195 1842 vel
1217 1773 1332 1841 futuro
1360 1797 1421 1842 ex-

300 1874 499 1966 spectandus
514 1885 572 1943 est.
624 1873 693 1945 od.
709 1903 748 1948 ιν.
765 1870 851 1944 359.
866 1877 958 1950 ἔνθα
978 1877 1022 1954 δέ
1023 1878 1243 2002 *Τηλέμαχον
1257 1903 1318 1948 ιιαι
1310 1875 1420 1969 ’βου-

299 1970 407 2049 νόλσν
426 1974 490 2101 η’δὲ
510 1971 673 2076 σσβότην
695 1975 924 2074 πραόπεμφ,
946 1975 991 2059 cic
1011 1979 1057 2051 οἶν
1078 1983 1223 2052 δειπνον
1241 1980 1421 2072 ἐφοπλίσ-

193 2132 196 2137 -
302 2104 391 2152 σονσν
405 2073 573 2170 τάχιστα.
624 2081 874 2172 lnapparanda
894 2081 982 2150 enirn
996 2105 1103 2154 coena
1118 2079 1233 2150 ndhuc
1249 2082 1300 2148 illi
1314 2103 1422 2153 occu·
1543 2161 1544 2181 ἢ

300 2181 374 2273 pati
392 2191 494 2251 erant.
546 2183 637 2252 Vide
660 2184 759 2251 etiarn
782 2208 867 2253 vers.
889 2183 975 2253 479.

276 2313 277 2320 ¹
402 2286 523 2364 Porro
549 2303 652 2375 qnenr
681 2311 784 2378 supra
820 2289 854 2355 in
888 2285 1070 2358 indicativo
1105 2287 1249 2379 vidimus
1286 2309 1420 2357 morem

300 2387 530 2474 Graecorum,
572 2391 724 2510 cogitata
752 2413 773 2459 e
801 2393 983 2483 praeterito
1010 2391 1166 2480 tempore
1197 2393 1232 2459 in
1260 2412 1421 2481 praesens

244 2520 248 2530 ·
298 2493 591 2578 transferendi,'
580 2517 609 2561 rs
632 2496 734 2613 etiarn
756 2495 791 2561 in
812 2495 1015 2565 coniunctivi
1034 2517 1097 2562 usu
1122 2494 1295 2562 invenitur.
1348 2493 1419 2564 od.

300 2620 337 2667 π.
353 2592 439 2661 368.
463 2599 667 2687 εμιμνομεν
680 2623 732 2692 ηω
719 2596 852 2684 διαν
883 2598 1093 2694 Τηλέμαχον
1109 2592 1328 2688 λοχοωντες
1356 2605 1418 2670 ἴνα

300 2695 492 2793 φθίσωμεν
512 2688 663 2776 ἑλόντες.
689 2696 785 2764 Iliad.
808 2723 840 2772 ο.
866 2697 973 2765 22.“
950 2726 992 2771 ον
1013 2698 1051 2770 δέ
1072 2693 1243 2794 λάβοιμι,
1279 2700 1419 2797 ῥίπτα-

300 2824 386 2872 σκον
409 2791 572 2891 eucayda
594 2793 669 2871 α’πσ
691 2799 871 2898 stuiodst'
848 2797 938 2897 οφρ’
961 2799 1008 2874 δν
1033 2808 1152 2916 ἵκηται
1172 2829 1239 2899 νην
1253 2799 1420 2901 ὀλιγηπε-

299 2903 399 2975 λέων.
448 2899 597 2969 Adhuc
619 2903 997 2993 genuspertinentduo
1019 2901 1077 2972 alii
1102 2905 1189 2991 loci,
1224 2906 1347 2974 similes
1367 2907 1421 2973 illi

298 3004 439 3095 quidem
461 3004 548 3072 inter
566 3027 620 3089 se,
646 3005 707 3074 sed
720 3015 833 3073 tamen
847 3007 1103 3097 quodammodo
1121 3009 1292 3137 oppositi.
1317 3009 1420 3076 Iliad.

299 3117 328 3191 ε.
358 3104 444 3176 llil
479 3103 542 3197 ἥδε
570 3108 613 3180 δέ
632 3115 670 3182 οἱ
687 3104 785 3182 νατιῖ
804 3105 928 3234 θνμον
955 3107 1084 3208 α’ρίστη
1106 3111 1258 3206 φαίνετο
1282 3107 1417 3209 βουλή,

299 3212 470 3302 έλθεῖν’
434 3237 483 3290 εις
499 3207 656 3306 ΗΙδην
613 3237 653 3284 εν
673 3206 873 3286 ἐντύνασαν
897 3214 916 3287 ἓ
921 3209 1068 3337 αὐτην,
1096 3217 1133 3286 εἴ
1141 3240 1214 3294 πως
1229 3214 1420 3337 ἱμείραιτο

299 3313 573 3432 παραδραθέειν
591 3308 809 3436 φιλότητι
785 3346 807 3412 ῃ
828 3317 948 3439 χροιῇ,
975 3345 1027 3412 τοι
1014 3313 1128 3389 δ
1105 3344 1219 3389 οπνον
1242 3310 1420 3412 απήμονιί

298 3443 341 3490 τε
365 3407 503 3512 λιαρόν
513 3442 555 3487 τε
577 3410 663 3512 χειλη
687 3417 746 3490 ἐπι
769 3413 1009 3515 βλεφάροισιν
1037 3422 1091 3493 ἰδέ
1114 3419 1219 3516 φρεσι
1242 3419 1416 3493 πειναλέ-

290 3543 427 3616 ’μησιν,
458 3518 516 3588 nbi
540 3519 708 3608 optativus
728 3528 762 3586 ct
786 3522 1014 3590 coniunctivus
1032 3524 1198 3612 personis
1206 3521 1418 3613 distinguen-

299 3621 377 3690 dis
368 3622 564 3704 inserviunt,
592 3623 640 3689 ita
664 3623 803 3712 quidem
826 3631 863 3692 ut
879 3618 982 3721 χειλη,
1016 3626 1111 3714 quod
1133 3627 1273 3716 proprie
1295 3635 1345 3693 est
1367 3649 1417 3692 πα

298 3723 446 3810 debeat,
480 3726 659 3817 adipsum
681 3727 846 3796 Iunonem
867 3729 1038 3798 referatur.
1090 3729 1225 3797 Eadem
1251 3750 1415 3819 persona-

225 3857 229 3866 ·
298 3850 374 3896 rum
398 3828 583 3914 distinctio,
610 3829 700 3896 sed
690 3851 818 3898 inversa
842 3833 990 3919 ratione,
1015 3843 1050 3900 et
1066 3843 1157 3902 recte
1179 3831 1371 3921 quidem,
1360 3855 1429 3898 rn-·

298 3911 481 4003 εοιιίιιιιπ.
497 3930 583 4000 646.
602 3932 759 4000 dolove.
784 3927 1013 4028 παὶφρόζετο
1031 3936 1158 4029 θυμοῖ,
1186 3927 1303 4006 πολλα
1323 3929 1417 4026 μόλ

299 4028 395 4127 οἷμφλ
410 4028 508 4155 φόνην
528 4027 998 4162 Πατρόκλονμερηιηρίζαν,
1025 4066 1047 4134 η
1035 4033 1129 4135 ἤδη
1146 4036 1204 4109 ναὶ
1227 4041 1345 4110 ιιεῐνον
1362 4037 1418 4110 ε’νν

298 4135 457 4230 κρατερῇ
478 4134 609 4234 ὑομένῃ
638 4133 756 4210 αὐτοῦ
783 4141 827 4210 ἐπ
833 4134 1024 4261 αντιθέφ
1047 4130 1260 4260 Σαρπηδόνι
1283 4139 1417 4231 φαίδι-

277 4263 367 4328 ’μσς
387 4234 532 4332 Εντοιρ
555 4238 676 4330 χαλιςο
692 4234 829 4335 δηιόση,
856 4233 931 4327 από
951 4269 974 4314 τ
1012 4241 1118 4336 ὤμων
1141 4235 1247 4332 τεόχε
1247 4237 1417 4338 ’έληταα

300 4367 322 4434 η
340 4367 396 4414 ετι
411 4338 470 4414 ιιαλ
491 4335 701 4414 πλεόνεσσιν
717 4339 900 4438 ὀφέλλειεν
919 4339 1032 4422 πόνον
1053 4341 1172 4419 αἰπόν.
1226 4344 1332 4414 Aliud
1347 4344 1419 4412 hu·
