3058 5046
135 1383 217 1480 nn
247 1385 570 1482 merorum
596 1391 873 1486 carucae
904 1327 1254 1496 pannonum

452 1560 850 1652 mssuaumro
883 1564 939 1682 2).

137 2127 256 2261 Quae
283 2169 456 2261 superiore
480 2192 567 2238 auno
583 2169 631 2239 de
646 2170 871 2259 antiquissima
885 2169 1097 2242 Graecorum
1114 2171 1281 2262 mytho-8

134 2271 233 2362 logie
248 2275 383 2364 scripsi,
408 2275 542 2341 fuerunt
556 2275 615 2362 qui
628 2275 706 2342 ioco
721 2275 845 2364 scripta
864 2283 1029 2365 putarent.
1080 2275 1147 2360 Hi,
1172 2271 1265 2364 quid'

134 2375 312 2459 sentirem,
336 2377 404 2442 iam
427 2398 468 2444 ex
490 2377 640 2466 epistolis
663 2377 745 2444 meis
768 2377 813 2443 ad
835 2376 1058 2461 Creuzemm,
1092 2399 1175 2465 quas
1198 2377 1257 2444 ille

134 2497 300 2545 unacum
323 2479 389 2547 suis
411 2478 533 2556 edidit,
559 2501 767 2572 cognoscere
788 2486 980 2570 potuerunt.
1032 2478 1103 2547 Sed
1122 2481 1258 2569 incepta

134 2587 264 2670 tantum
286 2575 415 2648 estilla
436 2581 635 2673 disputatio,
667 2605 731 2652 uec
751 2582 838 2650 mihi
860 2604 949 2650 nuuc
971 2581 1016 2650 ad
1039 2604 1114 2650 eam
1133 2583 1258 2651 reverti

136 2685 251 2752 otium·
267 2693 325 2751 est.
385 2686 518 2755 Placuit
544 2697 674 2771 tamen,
707 2686 961 2777 opportunitate
979 2685 1145 2756 scribendi
1167 2685 1257 2774 data,

66 2859 72 2872 ,
135 2795 321 2880 cognatum
348 2799 583 2880 argumentum
602 2790 784 2881 attingere,
817 2788 911 2878 qnod
932 2797 1061 2879 spectat
1082 2788 1127 2858 ad
1148 2787 1257 2857 histo·

135 2890 206 2958 riae
222 2886 382 2965 ⁴Graecae
401 2894 597 2983 primordia.
656 2894 744 2960 Nam
771 2915 876 2981 quum
903 2893 1169 2995 antiquissimam¹
1188 2915 1257 2984 po-
1282 2963 1285 2970 ,

135 2994 295 3085 pulcrum
315 2994 490 3064 historiam
513 2998 637 3066 fabulis
658 2997 869 3066 obscuratam
892 3018 962 3064 esse
985 3004 1134 3080 constet,
1166 3010 1258 3084 quae

136 3119 189 3164 ros
211 3097 316 3165 movit
335 3096 530 3184 historicos,
555 3111 593 3168 ut
615 3101 772 3190 tempora
792 3098 948 3166 fabulosa
972 3099 1016 3164 ab
1035 3098 1075 3164 iis
1092 3099 1258 3188 tempori-

136 3199 218 3283 bus,
248 3196 432 3290 inquibus
463 3212 555 3273 certa
581 3203 720 3270 narratis
746 3201 832 3268 fides
860 3210 961 3284 esset,
996 3190 1256 3290 distinguerent:

135 3302 309 3394 plerique,
341 3325 430 3393 quae
458 3306 654 3375 commentis
681 3313 860 3395 poetamm
883 3311 917 3370 et
938 3302 1050 3371 famae
1072 3306 1256 3374 temeritate

135 3406 333 3496 P‘mffbata
359 3406 530 3495 viderent,
570 3431 680 3498 neque
709 3407 900 3489 credenda,
942 3428 1051 3494 neque
1075 3429 1144 3474 nou
1180 3427 1257 3475 cre-
1307 3495 1310 3502 ι
1399 3490 1403 3496 ⁴

137 3509 251 3578 denda
263 3511 348 3594 rati,
374 3533 480 3599 quum
497 3535 661 3583 summam
677 3523 788 3602 tamen
804 3532 917 3578 rerum
929 3531 1044 3576 veram
1060 3531 1130 3576 esse
1146 3507 1257 3576 existi·

136 3622 282 3700 marent,
309 3615 450 3706 magnis,
476 3617 556 3685 licet
569 3617 661 3684 vanis
677 3614 861 3711 conatibus,
887 3610 967 3699 quia
981 3611 1072 3678 viam
1084 3612 1134 3678 rei
1148 3632 1257 3702 agen·
1306 3655 1311 3662 -

137 3715 203 3785 dae
216 3727 345 3786 certam
358 3739 427 3784 non
440 3718 632 3803 habebant,
658 3704 827 3790 conficere
841 3711 969 3801 aliquid
982 3712 1064 3798 veri,
1089 3716 1257 3803 mirasque

135 3819 211 3889 illas
225 3820 458 3909 dissensiones,
484 3845 572 3912 quae
595 3844 700 3912 quum
720 3821 792 3887 aliis
816 3819 851 3886 in
872 3819 989 3902 rebuS,
1020 3825 1093 3885 tum
1111 3819 1257 3886 maxime

134 3922 170 3990 in
192 3932 388 4015 temporum
410 3926 592 4016 rutiopibus
605 3926 831 4007 inveniuntur,
861 3941 1068 4011 componere
1086 3923 1256 3990 allabora-

133 4032 220 4093 runt.
271 4027 319 4094 Et
336 4037 428 4099 recte
449 4023 499 4098 illi
520 4031 694 4122 profecto,
720 4030 747 4097 si
761 4028 809 4095 ita
826 4034 892 4111 est,
921 4033 959 4092 ut
981 4031 1118 4116 putant,
1143 4026 1256 4095 famae

158 4344 211 4426 t)
233 4344 320 4406 Edita
343 4354 389 4406 est
415 4365 442 4410 a.
466 4349 557 4413 1818.
