3058 5046
256 409 321 474 2⁰4
364 405 421 469 DE
446 403 707 468 ursronlau
729 403 949 492 oniscon
976 403 1262 467 rumoribus

257 578 354 665 licia,
395 587 489 648 natos
519 571 635 654 Ἀσιν
659 586 694 648 ct
724 573 888 678 Νιόβην,
936 575 1088 648 Abitium
1118 587 1152 645 et
1180 577 1373 660 lmimeam;

257 682 395 768 Anido,
436 702 540 750 saevo
567 689 724 771 tyranno,
773 707 794 751 a
824 703 895 772 qno
922 682 1212 772 Peloponnesus,
1243 678 1370 768 Ἀπία,

257 785 392 868 Abiria,
409 784 510 869 dicta,
536 783 660 852 insidiis
681 789 846 874 Τελχῖνος
861 795 895 853 et
908 785 1108 866 Θελξίονος,
1134 783 1316 853 Mulciberi
1336 794 1372 852 ct

256 887 428 973 Bitillicis,
454 887 673 978 interempto,
706 887 881 956 lmimeam
906 910 947 956 ex
971 888 1053 955 Iove
1076 885 1221 978 primam
1243 896 1371 955 morta-

258 991 342 1059 lium
364 989 538 1081 peperisse
559 987 719 1084 ”Aoyom
749 989 922 1078 Micuum,
949 991 1008 1080 qui
1025 1011 1133 1082 regno
1149 990 1287 1058 Feronii
1310 1013 1369 1060 ac-

212 1105 214 1110 '
256 1102 358 1184 cepto
377 1095 649 1184 Peloponnesum
670 1096 715 1162 ab
740 1117 775 1162 se
798 1092 951 1168 blicuarn
972 1093 1208 1184 appellaverit3
1233 1091 1315 1164 huic
1329 1115 1371 1162 er

257 1190 425 1292 Εὐοίδνῃ,
452 1187 645 1282 'Vberrina‚
680 1189 896 1290 Στρίμονος
921 1204 955 1264 et
980 1194 1163 1291 Νεαίρας,
1198 1195 1371 1289 Torrentii

257 1308 291 1367 et
318 1300 533 1368 Recentanae
556 1299 645 1387 filia,
666 1299 810 1392 ‚genitos
829 1297 1015 1393 Ἔκβασον
1051 1298 1106 1390 (id
1135 1299 1224 1368 enim
1247 1301 1370 1392 genni-

256 1424 337 1470 nnm
351 1424 475 1471 nomen
493 1403 558 1493 est)
586 1401 800 1500 Πείρανθον
816 1402 887 1470 sive
902 1401 1110 1496 Πείρασον,
1133 1397 1369 1500 Ἐπίδαυρον,

256 1504 440 1601 Κρίασον,
474 1505 669 1597 ligonum,
702 1506 913 1590 Teutonem‚
945 1505 1118 1590 meorum,
1155 1506 1224 1572 sive
1246 1507 1304 1575 ille
1325 1509 1369 1575 ab

255 1605 474 1676 accendendo
495 1608 591 1699 igne,
618 1608 685 1675 sive
708 1610 751 1678 ab
773 1607 1009 1677 indormiendo
1027 1606 1135 1675 dictus
1158 1615 1223 1692 est,
1256 1618 1289 1675 et
1306 1609 1371 1677 Di-

254 1710 390 1789 vidum3
414 1709 548 1781 Ecbaso
566 1719 682 1779 natum
697 1706 893 1807 Ἀγήνορα,
918 1711 1138 1800 Ducentium3
1164 1709 1246 1780 huic
1267 1709 1368 1808 'Ap-

254 1839 336 1904 γον,
362 1811 527 1882 Micnnm.
578 1813 713 1881 Horum
736 1813 796 1885 hic
815 1814 948 1884 videtur
970 1836 1082 1882 sensns
1105 1837 1186 1882 esse.
1237 1814 1369 1883 Flucti-

253 1917 317 1985 bus
345 1915 461 1985 diluvii
494 1917 655 2008 componi
680 1917 828 2008 coeptis,
860 1916 1069 1984 defluxerunt
1095 1931 1222 2006 aquae,
1257 1918 1369 1986 omnia

254 2040 368 2087 secum
384 2019 588 2105 auferentes,
615 2027 665 2107 et,
698 2021 767 2088 oris
785 2019 978 2112 patefactis,
1003 2027 1135 2088 vastum
1153 2020 1280 2110 ubique
1305 2021 1369 2090 de-

254 2131 378 2190 sertum
408 2121 651 2212 relinquentes:
698 2123 793 2213 quod
823 2131 872 2192 est
905 2121 1043 2194 crudele
1076 2145 1219 2215 regnum
1249 2124 1367 2209 Abitii,

118 2219 121 2226 ’
253 2247 355 2314 quem
370 2225 558 2316 Aeschylus
577 2220 821 2312 Ἀπόλλωνος,
851 2225 989 2310 Necini‚
1014 2225 1230 2300 lilinmdicit.
1279 2229 1367 2296 Nam

252 2329 474 2398 Buttmarmus
488 2352 609 2398 vereor
625 2338 663 2396 ut
684 2330 795 2397 multis
811 2351 1028 2420 persuasurus
1046 2329 1105 2415 sit,
1131 2330 1226 2420 quod
1246 2330 1281 2398 in
1297 2329 1367 2399 Lem

252 2432 369 2524 xilogo
376 2432 419 2501 T.
427 2433 454 2502 1.
462 2454 498 2524 p.
514 2431 574 2501 67.
584 2455 653 2523 seq.
667 2434 842 2525 neglectis,
858 2455 946 2524 qnae
962 2432 1106 2501 maxime
1124 2425 1367 2504 consideranda

254 2545 364 2622 erant,
400 2533 435 2603 in
459 2536 607 2605 medium
637 2537 755 2605 attulit.
805 2536 938 2627 Regno
959 2536 1011 2603 isti
1037 2536 1144 2604 Abitii
1164 2537 1366 2605 insidiaban-

251 2645 306 2705 tur
322 2646 409 2706 artes
425 2646 459 2705 et
473 2638 685 2707 invitamenta
706 2638 853 2706 adeundi
868 2648 991 2708 terram
1005 2625 1147 2708 firmam.
1204 2645 1366 2731 Τελχῖνες

163 2819 169 2832 ·
252 2740 334 2809 dicti
348 2740 501 2809 videntur
516 2741 610 2831 quasi
630 2743 815 2832 Τεοχΐνες,
840 2749 878 2809 ut
900 2736 1111 2840 Τελμησσός,
1140 2751 1174 2813 et
1196 2745 1364 2840 Τευμησ-

252 2835 330 2922 σός,
357 2843 487 2931 dequo
509 2843 748 2914 Valckenarius
768 2844 814 2912 ad
834 2842 965 2914 Phoen.
990 2841 1102 2914 llct.
1120 2840 1141 2902 s
1154 2845 1225 2914 Sed
1242 2845 1367 2912 humor

120 3021 128 3034 .
248 2952 340 3013 terra
362 2953 533 3040 resorptus
552 2945 634 3013 fecit
657 2945 837 3016 adiuvante
859 2949 997 3017 caelesti
1018 2948 1151 3032 calore,
1175 2955 1212 3014 ut
1234 2945 1366 3015 herbae

106 3125 113 3146 ι
250 3050 448 3136 emicarent,
473 3072 616 3139 quarum
631 3050 782 3139 ubertas,
807 3051 967 3120 imbrium
990 3051 1089 3142 copia
1112 3061 1146 3118 et
1160 3051 1288 3118 recenti
1308 3048 1366 3117 fe-

130 3167 133 3174 '
250 3153 420 3223 cunditate
441 3154 504 3222 soli
527 3163 723 3245 procreata,
750 3177 828 3240 eos,
854 3155 914 3245 qui
927 3155 1065 3222 navibus
1083 3153 1130 3222 ad
1146 3177 1186 3222 ea
1205 3154 1284 3221 loca
1301 3175 1367 3244 ap-

137 3277 139 3282 ’
248 3257 425 3348 prderant,
467 3258 590 3344 movit,
627 3266 665 3326 nt
691 3258 949 3351 egrederentur,
990 3267 1155 3327 tentarent
1179 3257 1364 3350 regionem,

248 3358 458 3447 habitarent,
493 3369 527 3427 et
549 3360 634 3427 inter
658 3383 694 3450 se
716 3360 912 3432 dividerent.
971 3361 1110 3454 Egressi
1135 3361 1218 3428 alios
1242 3359 1365 3428 eodem

248 3462 436 3550 adduxere,
461 3463 552 3532 unde
568 3463 747 3555 splendida
759 3465 949 3558 progenies.
1001 3465 1161 3556 lsArgus
1173 3473 1236 3532 est:
1263 3486 1364 3552 quem

246 3588 365 3635 vereor
389 3589 432 3635 ne
453 3566 687 3658 Apollodorus
713 3590 782 3635 non
794 3579 887 3640 recte
904 3566 1077 3636 oculatum
1092 3568 1189 3636 illum
1208 3590 1278 3635 esse
1297 3589 1365 3658 pu·

245 3672 374 3738 taverit
424 3668 519 3737 Illud
542 3692 623 3739 vero
643 3680 735 3739 recte
755 3672 921 3759 fortassis,
947 3671 1043 3760 qnod
1068 3673 1204 3740 oculato
1226 3669 1275 3736 illi
1296 3673 1363 3738 Ar-

245 3794 313 3863 go,
339 3771 503 3862 siquidem
525 3772 584 3842 hic
603 3773 722 3842 limum
744 3776 930 3868 significat,
957 3797 999 3842 ex
1014 3767 1181 3870 Ἰσμήνῃ,
1207 3771 1363 3856 Lentulo,

244 3869 434 3956 Ἀσωποῦ,
468 3876 614 3961 Lutatii,
643 3876 714 3944 lilia
737 3876 865 3952 Ἴασον
872 3931 886 3966 ,
919 3877 1039 3962 Itium,
1073 3878 1166 3946 cuius
1198 3876 1268 3943 lilia
1291 3868 1361 3954 Ἰοί,

200 3969 476 4147 ”mopheth
504 3988 620 4068 natum
644 3979 735 4048 dicit.
787 3979 893 4065 Quod
920 3989 988 4065 est,
1014 4002 1117 4068 aquas
1141 4001 1183 4046 ex
1197 3979 1282 4047 locis
1299 3999 1362 4067 pa-

245 4079 340 4148 lustrr
364 4101 401 4147 ns
417 4081 510 4150 lento
531 4084 628 4173 lapsu
648 4082 825 4174 paullatim
848 4083 883 4150 in
907 4082 1108 4153 alacriorem
1130 4082 1241 4166 rivum
1255 4081 1362 4152 colle-

247 4189 337 4267 ctas,
371 4181 495 4252 deinde
517 4186 743 4255 exundavisse.
801 4183 902 4255 Vnde
917 4185 1100 4278 ,Aeschylo
1123 4186 1272 4253 Lernam
1297 4206 1362 4273 pe-

246 4286 334 4354 tiisse
357 4283 398 4353 lo
422 4285 554 4358 dicitnr.
614 4287 743 4373 Quarta
772 4289 918 4381 deniqne
942 4291 1060 4362 fabula
1087 4312 1129 4356 ea
1157 4296 1226 4372 est,
1268 4287 1361 4357 cuius

116 4435 119 4444 ·
246 4387 443 4461 Herodotus
462 4391 666 4463 mentionem
688 4392 771 4466 facit
792 4393 828 4481 1,
855 4392 889 4463 l.
915 4393 976 4482 lo,
1001 4390 1122 4465 Inachi
1137 4391 1231 4484 regis
1245 4391 1362 4476 filiam,
