<?xml version="1.0" encoding="UTF-8"?>
<!DOCTYPE html PUBLIC "-//W3C//DTD XHTML 1.0 Transitional//EN"
    "http://www.w3.org/TR/xhtml1/DTD/xhtml1-transitional.dtd">
<html xmlns="http://www.w3.org/1999/xhtml" xml:lang="en" lang="en">
 <head>
  <title>
</title>
<meta http-equiv="Content-Type" content="text/html;charset=utf-8" />
  <meta name='ocr-system' content='tesseract 3.04.00' />
  <meta name='ocr-capabilities' content='ocr_page ocr_carea ocr_par ocr_line ocrx_word'/>
</head>
<body>
  <div class='ocr_page' id='page_1' title='image "./opuscula03hermgoog/opuscula03hermgoog_0280.png"; bbox 0 0 3058 5046; ppageno 0'>
   <div class='ocr_carea' id='block_1_1' title="bbox 521 339 1247 450">
    <p class='ocr_par' dir='ltr' id='par_1_1' title="bbox 521 339 1247 450">
     <span class='ocr_line' id='line_1_1' title="bbox 521 339 1247 450; baseline 0.01 -16"><span class='ocrx_word' id='word_1_1' title='bbox 521 339 870 442; x_wconf 70' lang='lat' dir='ltr'><strong><em>nrsssnrrrro.</em></strong></span> <span class='ocrx_word' id='word_1_2' title='bbox 1180 383 1247 450; x_wconf 75' lang='lat' dir='ltr'><strong><em>oss</em></strong></span> 
     </span>
    </p>
   </div>
   <div class='ocr_carea' id='block_1_2' title="bbox 230 529 1116 747">
    <p class='ocr_par' dir='ltr' id='par_1_2' title="bbox 230 529 1116 747">
     <span class='ocr_line' id='line_1_2' title="bbox 230 529 1116 643; baseline 0.012 -28"><span class='ocrx_word' id='word_1_3' title='bbox 230 566 299 616; x_wconf 83' lang='lat' dir='ltr'><strong><em>uon</em></strong></span> <span class='ocrx_word' id='word_1_4' title='bbox 321 545 374 616; x_wconf 85' lang='lat' dir='ltr'><strong><em>ilc</em></strong></span> <span class='ocrx_word' id='word_1_5' title='bbox 397 545 561 618; x_wconf 73' lang='lat' dir='ltr'><strong><em>dissimili</em></strong></span> <span class='ocrx_word' id='word_1_6' title='bbox 577 557 658 620; x_wconf 79' lang='lat' dir='ltr'><strong><em>suut</em></strong></span> <span class='ocrx_word' id='word_1_7' title='bbox 677 557 909 643; x_wconf 73' lang='lat' dir='ltr'><strong><em>mgumeuo,</em></strong></span> <span class='ocrx_word' id='word_1_8' title='bbox 928 529 977 622; x_wconf 64' lang='lat' dir='ltr'><strong><em>‘el</em></strong></span> <span class='ocrx_word' id='word_1_9' title='bbox 996 561 1116 626; x_wconf 84' lang='lat' dir='ltr'><strong><em>tumen</em></strong></span> 
     </span>
     <span class='ocr_line' id='line_1_3' title="bbox 230 650 1080 747; baseline 0.002 -29"><span class='ocrx_word' id='word_1_10' title='bbox 230 650 394 722; x_wconf 73' lang='lat' dir='ltr'><strong><em>dissimili</em></strong></span> <span class='ocrx_word' id='word_1_11' title='bbox 416 653 575 726; x_wconf 81' lang='lat' dir='ltr'><strong><em>oratione</em></strong></span> <span class='ocrx_word' id='word_1_12' title='bbox 594 660 674 722; x_wconf 84' lang='lat' dir='ltr'><strong><em>suni</em></strong></span> <span class='ocrx_word' id='word_1_13' title='bbox 686 653 820 747; x_wconf 83' lang='lat' dir='ltr'><strong><em>sactae</em></strong></span> <span class='ocrx_word' id='word_1_14' title='bbox 844 676 890 724; x_wconf 88' lang='lat' dir='ltr'><strong><em>oc</em></strong></span> <span class='ocrx_word' id='word_1_15' title='bbox 912 656 1003 726; x_wconf 88' lang='lat' dir='ltr'><strong><em>stilo.</em></strong></span> <span class='ocrx_word' id='word_1_16' title='bbox 1077 712 1080 720; x_wconf 91' lang='lat'><strong><em>.</em></strong></span> 
     </span>
    </p>
   </div>
   <div class='ocr_carea' id='block_1_3' title="bbox 72 802 1331 1828">
    <p class='ocr_par' dir='ltr' id='par_1_3' title="bbox 72 802 1331 1828">
     <span class='ocr_line' id='line_1_4' title="bbox 125 802 1331 908; baseline 0.007 -36"><span class='ocrx_word' id='word_1_17' title='bbox 125 803 166 872; x_wconf 91' lang='lat' dir='ltr'><strong><em>ln</em></strong></span> <span class='ocrx_word' id='word_1_18' title='bbox 192 802 287 872; x_wconf 86' lang='lat' dir='ltr'><strong><em>libris</em></strong></span> <span class='ocrx_word' id='word_1_19' title='bbox 309 813 359 872; x_wconf 87' lang='lat' dir='ltr'><strong><em>est</em></strong></span> <span class='ocrx_word' id='word_1_20' title='bbox 384 803 450 874; x_wconf 88' lang='lat' dir='ltr'><strong><em>sed</em></strong></span> <span class='ocrx_word' id='word_1_21' title='bbox 471 812 610 908; x_wconf 68' lang='lat' dir='ltr'><strong><em>lamen,</em></strong></span> <span class='ocrx_word' id='word_1_22' title='bbox 644 806 738 895; x_wconf 91' lang='lat' dir='ltr'><strong><em>quod</em></strong></span> <span class='ocrx_word' id='word_1_23' title='bbox 768 830 873 896; x_wconf 90' lang='lat' dir='ltr'><strong><em>quum</em></strong></span> <span class='ocrx_word' id='word_1_24' title='bbox 895 817 1003 876; x_wconf 89' lang='lat' dir='ltr'><strong><em>metro</em></strong></span> <span class='ocrx_word' id='word_1_25' title='bbox 1028 820 1244 901; x_wconf 79' lang='lat' dir='ltr'><strong>repugnaret,</strong></span> <span class='ocrx_word' id='word_1_26' title='bbox 1289 874 1296 886; x_wconf 83' lang='grc'>,</span> <span class='ocrx_word' id='word_1_27' title='bbox 1325 894 1331 904; x_wconf 31' lang='lat'><strong><em>¹</em></strong></span> 
     </span>
     <span class='ocr_line' id='line_1_5' title="bbox 126 907 1244 1004; baseline 0.007 -30"><span class='ocrx_word' id='word_1_28' title='bbox 126 907 377 976; x_wconf 83' lang='lat' dir='ltr'><strong><em>eruendaudum</em></strong></span> <span class='ocrx_word' id='word_1_29' title='bbox 396 908 513 993; x_wconf 84' lang='lat' dir='ltr'><strong><em>fuisse,</em></strong></span> <span class='ocrx_word' id='word_1_30' title='bbox 543 919 676 977; x_wconf 88' lang='lat' dir='ltr'><strong><em>nonest</em></strong></span> <span class='ocrx_word' id='word_1_31' title='bbox 694 910 844 979; x_wconf 90' lang='lat' dir='ltr'><strong><em>dubium.</em></strong></span> <span class='ocrx_word' id='word_1_32' title='bbox 896 912 1012 980; x_wconf 84' lang='lat' dir='ltr'><strong><em>Posuit</em></strong></span> <span class='ocrx_word' id='word_1_33' title='bbox 1026 934 1111 1004; x_wconf 85' lang='lat' dir='ltr'><strong><em>ergo</em></strong></span> <span class='ocrx_word' id='word_1_34' title='bbox 1132 921 1166 981; x_wconf 88' lang='lat' dir='ltr'><strong><em>el</em></strong></span> <span class='ocrx_word' id='word_1_35' title='bbox 1184 922 1244 982; x_wconf 86' lang='lat' dir='ltr'><strong><em>la-</em></strong></span> 
     </span>
     <span class='ocr_line' id='line_1_6' title="bbox 124 1011 1245 1107; baseline 0.007 -30"><span class='ocrx_word' id='word_1_36' title='bbox 124 1031 224 1096; x_wconf 83' lang='lat' dir='ltr'><strong><em>men,</em></strong></span> <span class='ocrx_word' id='word_1_37' title='bbox 268 1011 363 1100; x_wconf 89' lang='lat' dir='ltr'><strong><em>quod</em></strong></span> <span class='ocrx_word' id='word_1_38' title='bbox 388 1013 492 1079; x_wconf 90' lang='lat' dir='ltr'><strong><em>tribus</em></strong></span> <span class='ocrx_word' id='word_1_39' title='bbox 521 1013 698 1081; x_wconf 88' lang='lat' dir='ltr'><strong><em>confirmat</em></strong></span> <span class='ocrx_word' id='word_1_40' title='bbox 728 1014 941 1107; x_wconf 76' lang='lat' dir='ltr'><strong><em>argumentis.</em></strong></span> <span class='ocrx_word' id='word_1_41' title='bbox 999 1015 1130 1083; x_wconf 90' lang='lat' dir='ltr'><strong><em>Eorum</em></strong></span> <span class='ocrx_word' id='word_1_42' title='bbox 1164 1015 1245 1084; x_wconf 85' lang='lat' dir='ltr'><strong><em>ulti-</em></strong></span> 
     </span>
     <span class='ocr_line' id='line_1_7' title="bbox 123 1115 1245 1209; baseline 0.006 -29"><span class='ocrx_word' id='word_1_43' title='bbox 123 1136 221 1181; x_wconf 91' lang='lat' dir='ltr'><strong><em>mum</em></strong></span> <span class='ocrx_word' id='word_1_44' title='bbox 241 1122 358 1205; x_wconf 86' lang='lat' dir='ltr'><strong><em>aperte</em></strong></span> <span class='ocrx_word' id='word_1_45' title='bbox 382 1115 530 1206; x_wconf 88' lang='lat' dir='ltr'><strong><em>argutius</em></strong></span> <span class='ocrx_word' id='word_1_46' title='bbox 555 1138 657 1204; x_wconf 89' lang='lat' dir='ltr'><strong><em>quam</em></strong></span> <span class='ocrx_word' id='word_1_47' title='bbox 683 1117 791 1184; x_wconf 82' lang='lat' dir='ltr'><strong><em>verius</em></strong></span> <span class='ocrx_word' id='word_1_48' title='bbox 815 1127 884 1190; x_wconf 76' lang='lat' dir='ltr'><strong><em>est..</em></strong></span> <span class='ocrx_word' id='word_1_49' title='bbox 926 1117 1015 1186; x_wconf 91' lang='lat' dir='ltr'><strong><em>Nam</em></strong></span> <span class='ocrx_word' id='word_1_50' title='bbox 1038 1141 1143 1209; x_wconf 88' lang='lat' dir='ltr'><strong><em>quum</em></strong></span> <span class='ocrx_word' id='word_1_51' title='bbox 1168 1119 1245 1187; x_wconf 85' lang='lat' dir='ltr'><strong><em>no-</em></strong></span> 
     </span>
     <span class='ocr_line' id='line_1_8' title="bbox 124 1213 1245 1304; baseline 0.005 -20"><span class='ocrx_word' id='word_1_52' title='bbox 124 1225 223 1284; x_wconf 81' lang='lat' dir='ltr'><strong>natus</strong></span> <span class='ocrx_word' id='word_1_53' title='bbox 246 1217 387 1302; x_wconf 87' lang='lat' dir='ltr'><strong><em>scribat‚</em></strong></span> <span class='ocrx_word' id='word_1_54' title='bbox 421 1216 487 1286; x_wconf 88' lang='lat' dir='ltr'><strong><em>sed</em></strong></span> <span class='ocrx_word' id='word_1_55' title='bbox 510 1225 647 1304; x_wconf 85' lang='lat' dir='ltr'><strong><em>lamen,</em></strong></span> <span class='ocrx_word' id='word_1_56' title='bbox 684 1213 938 1293; x_wconf 74' lang='grc' dir='ltr'><strong><em>ἀνακόλουθον</em></strong></span> <span class='ocrx_word' id='word_1_57' title='bbox 963 1228 1028 1290; x_wconf 86' lang='lat' dir='ltr'><strong><em>est:</em></strong></span> <span class='ocrx_word' id='word_1_58' title='bbox 1061 1244 1130 1297; x_wconf 83' lang='lat' dir='ltr'><strong><em>non</em></strong></span> <span class='ocrx_word' id='word_1_59' title='bbox 1152 1222 1245 1290; x_wconf 87' lang='lat' dir='ltr'><strong><em>enim</em></strong></span> 
     </span>
     <span class='ocr_line' id='line_1_9' title="bbox 124 1317 1245 1416; baseline 0.005 -28"><span class='ocrx_word' id='word_1_60' title='bbox 124 1321 374 1414; x_wconf 77' lang='lat' dir='ltr'><strong><em>supraposuit</em></strong></span> <span class='ocrx_word' id='word_1_61' title='bbox 401 1317 572 1416; x_wconf 71' lang='grc' dir='ltr'><em>ῼαὶἀωη,</em></span> <span class='ocrx_word' id='word_1_62' title='bbox 598 1323 723 1412; x_wconf 88' lang='lat' dir='ltr'><strong><em>probat</em></strong></span> <span class='ocrx_word' id='word_1_63' title='bbox 736 1322 824 1406; x_wconf 84' lang='lat' dir='ltr'><strong><em>hoc,</em></strong></span> <span class='ocrx_word' id='word_1_64' title='bbox 848 1322 1105 1413; x_wconf 88' lang='lat' dir='ltr'><strong><em>contenditque,</em></strong></span> <span class='ocrx_word' id='word_1_65' title='bbox 1130 1326 1157 1393; x_wconf 88' lang='lat' dir='ltr'><strong><em>si</em></strong></span> <span class='ocrx_word' id='word_1_66' title='bbox 1178 1325 1245 1394; x_wconf 89' lang='lat' dir='ltr'><strong><em>sed</em></strong></span> 
     </span>
     <span class='ocr_line' id='line_1_10' title="bbox 122 1423 1244 1518; baseline 0.006 -28"><span class='ocrx_word' id='word_1_67' title='bbox 122 1429 244 1490; x_wconf 84' lang='lat' dir='ltr'><strong><em>lamen</em></strong></span> <span class='ocrx_word' id='word_1_68' title='bbox 266 1423 451 1515; x_wconf 81' lang='lat' dir='ltr'><strong><em>scripsisset</em></strong></span> <span class='ocrx_word' id='word_1_69' title='bbox 474 1425 669 1510; x_wconf 84' lang='lat' dir='ltr'><strong><em>Terentius,</em></strong></span> <span class='ocrx_word' id='word_1_70' title='bbox 697 1425 850 1494; x_wconf 87' lang='lat' dir='ltr'><strong><em>debuisse</em></strong></span> <span class='ocrx_word' id='word_1_71' title='bbox 871 1449 949 1494; x_wconf 89' lang='lat' dir='ltr'><strong><em>eum</em></strong></span> <span class='ocrx_word' id='word_1_72' title='bbox 978 1429 1077 1495; x_wconf 88' lang='lat' dir='ltr'><strong><em>etiarn</em></strong></span> <span class='ocrx_word' id='word_1_73' title='bbox 1099 1429 1244 1518; x_wconf 80' lang='lat' dir='ltr'><strong><em>quidem</em></strong></span> 
     </span>
     <span class='ocr_line' id='line_1_11' title="bbox 122 1529 1243 1622; baseline 0.006 -29"><span class='ocrx_word' id='word_1_74' title='bbox 122 1547 271 1617; x_wconf 84' lang='lat' dir='ltr'><strong><em>ponere3</em></strong></span> <span class='ocrx_word' id='word_1_75' title='bbox 296 1549 394 1613; x_wconf 89' lang='lat' dir='ltr'><strong><em>nunc,</em></strong></span> <span class='ocrx_word' id='word_1_76' title='bbox 422 1550 526 1616; x_wconf 90' lang='lat' dir='ltr'><strong><em>quum</em></strong></span> <span class='ocrx_word' id='word_1_77' title='bbox 540 1550 608 1597; x_wconf 92' lang='lat' dir='ltr'><strong><em>non</em></strong></span> <span class='ocrx_word' id='word_1_78' title='bbox 622 1529 840 1620; x_wconf 85' lang='lat' dir='ltr'><strong><em>praecesserit</em></strong></span> <span class='ocrx_word' id='word_1_79' title='bbox 854 1530 1009 1620; x_wconf 70' lang='lat' dir='ltr'><strong><em>quiden,</em></strong></span> <span class='ocrx_word' id='word_1_80' title='bbox 1035 1552 1243 1622; x_wconf 85' lang='lat' dir='ltr'><strong><em>consequens</em></strong></span> 
     </span>
     <span class='ocr_line' id='line_1_12' title="bbox 72 1632 1242 1714; baseline 0.006 -19"><span class='ocrx_word' id='word_1_81' title='bbox 72 1639 74 1642; x_wconf 83' lang='grc'><strong>’</strong></span> <span class='ocrx_word' id='word_1_82' title='bbox 125 1651 216 1714; x_wconf 88' lang='lat' dir='ltr'><strong><em>esse,</em></strong></span> <span class='ocrx_word' id='word_1_83' title='bbox 250 1639 289 1697; x_wconf 93' lang='lat' dir='ltr'><strong><em>ut</em></strong></span> <span class='ocrx_word' id='word_1_84' title='bbox 318 1637 353 1698; x_wconf 82' lang='lat' dir='ltr'><strong><em>el</em></strong></span> <span class='ocrx_word' id='word_1_85' title='bbox 374 1638 495 1699; x_wconf 85' lang='lat' dir='ltr'><strong><em>lamen</em></strong></span> <span class='ocrx_word' id='word_1_86' title='bbox 518 1632 559 1699; x_wconf 87' lang='lat' dir='ltr'><strong><em>sit</em></strong></span> <span class='ocrx_word' id='word_1_87' title='bbox 581 1654 661 1700; x_wconf 87' lang='lat' dir='ltr'><strong><em>vera</em></strong></span> <span class='ocrx_word' id='word_1_88' title='bbox 682 1632 793 1702; x_wconf 89' lang='lat' dir='ltr'><strong><em>lectio.</em></strong></span> <span class='ocrx_word' id='word_1_89' title='bbox 845 1634 892 1702; x_wconf 78' lang='lat' dir='ltr'><strong><em>At</em></strong></span> <span class='ocrx_word' id='word_1_90' title='bbox 919 1632 1010 1702; x_wconf 87' lang='lat' dir='ltr'><strong><em>haec</em></strong></span> <span class='ocrx_word' id='word_1_91' title='bbox 1033 1633 1242 1714; x_wconf 75' lang='lat' dir='ltr'><strong><em>ratiocinatio</em></strong></span> 
     </span>
     <span class='ocr_line' id='line_1_13' title="bbox 123 1731 1242 1828; baseline 0.007 -30"><span class='ocrx_word' id='word_1_92' title='bbox 123 1731 301 1800; x_wconf 86' lang='lat' dir='ltr'><strong><em>falsissima</em></strong></span> <span class='ocrx_word' id='word_1_93' title='bbox 322 1742 381 1802; x_wconf 87' lang='lat' dir='ltr'><strong><em>est.</em></strong></span> <span class='ocrx_word' id='word_1_94' title='bbox 432 1734 522 1801; x_wconf 91' lang='lat' dir='ltr'><strong><em>Nam</em></strong></span> <span class='ocrx_word' id='word_1_95' title='bbox 541 1735 569 1803; x_wconf 88' lang='lat' dir='ltr'><strong><em>si</em></strong></span> <span class='ocrx_word' id='word_1_96' title='bbox 592 1757 708 1803; x_wconf 87' lang='lat' dir='ltr'><strong><em>verum</em></strong></span> <span class='ocrx_word' id='word_1_97' title='bbox 735 1743 804 1820; x_wconf 90' lang='lat' dir='ltr'><strong><em>est,</em></strong></span> <span class='ocrx_word' id='word_1_98' title='bbox 829 1735 874 1803; x_wconf 88' lang='lat' dir='ltr'><strong><em>ad</em></strong></span> <span class='ocrx_word' id='word_1_99' title='bbox 895 1737 962 1805; x_wconf 87' lang='lat' dir='ltr'><strong><em>sed</em></strong></span> <span class='ocrx_word' id='word_1_100' title='bbox 978 1744 1097 1806; x_wconf 76' lang='lat' dir='ltr'><strong><em>lamen</em></strong></span> <span class='ocrx_word' id='word_1_101' title='bbox 1116 1738 1242 1828; x_wconf 84' lang='lat' dir='ltr'><strong><em>requiri</em></strong></span> 
     </span>
    </p>
   </div>
   <div class='ocr_carea' id='block_1_4' title="bbox 123 1835 1384 1930">
    <p class='ocr_par' dir='ltr' id='par_1_4' title="bbox 123 1835 1384 1930">
     <span class='ocr_line' id='line_1_14' title="bbox 123 1835 1384 1930; baseline 0.008 -28"><span class='ocrx_word' id='word_1_102' title='bbox 123 1835 286 1928; x_wconf 81' lang='lat' dir='ltr'><strong><em>quidem,</em></strong></span> <span class='ocrx_word' id='word_1_103' title='bbox 318 1836 354 1904; x_wconf 91' lang='lat' dir='ltr'><strong><em>in</em></strong></span> <span class='ocrx_word' id='word_1_104' title='bbox 375 1860 478 1927; x_wconf 89' lang='lat' dir='ltr'><strong><em>quam</em></strong></span> <span class='ocrx_word' id='word_1_105' title='bbox 503 1861 576 1906; x_wconf 87' lang='lat' dir='ltr'><strong><em>rem</em></strong></span> <span class='ocrx_word' id='word_1_106' title='bbox 600 1838 669 1906; x_wconf 93' lang='lat' dir='ltr'><strong><em>duo</em></strong></span> <span class='ocrx_word' id='word_1_107' title='bbox 694 1835 855 1930; x_wconf 38' lang='lat' dir='ltr'><strong><em>‚exempla</em></strong></span> <span class='ocrx_word' id='word_1_108' title='bbox 885 1838 1002 1926; x_wconf 88' lang='lat' dir='ltr'><strong><em>affert,</em></strong></span> <span class='ocrx_word' id='word_1_109' title='bbox 1036 1841 1122 1909; x_wconf 90' lang='lat' dir='ltr'><strong><em>nihil</em></strong></span> <span class='ocrx_word' id='word_1_110' title='bbox 1148 1840 1242 1911; x_wconf 85' lang='lat' dir='ltr'><strong><em>aliud</em></strong></span> <span class='ocrx_word' id='word_1_111' title='bbox 1381 1867 1384 1882; x_wconf 65' lang='lat'><strong><em>.</em></strong></span> 
     </span>
    </p>
   </div>
   <div class='ocr_carea' id='block_1_5' title="bbox 120 1939 1242 2243">
    <p class='ocr_par' dir='ltr' id='par_1_5' title="bbox 120 1939 1242 2243">
     <span class='ocr_line' id='line_1_15' title="bbox 122 1939 1242 2036; baseline 0.006 -28"><span class='ocrx_word' id='word_1_112' title='bbox 122 1939 282 2008; x_wconf 87' lang='lat' dir='ltr'><strong><em>concludi</em></strong></span> <span class='ocrx_word' id='word_1_113' title='bbox 300 1948 430 2030; x_wconf 85' lang='lat' dir='ltr'><strong><em>potest,</em></strong></span> <span class='ocrx_word' id='word_1_114' title='bbox 465 1963 586 2030; x_wconf 87' lang='lat' dir='ltr'><strong><em>quam,</em></strong></span> <span class='ocrx_word' id='word_1_115' title='bbox 617 1941 678 2010; x_wconf 87' lang='lat' dir='ltr'><strong><em>nbi</em></strong></span> <span class='ocrx_word' id='word_1_116' title='bbox 698 1941 841 2036; x_wconf 83' lang='lat' dir='ltr'><strong><em>quidem</em></strong></span> <span class='ocrx_word' id='word_1_117' title='bbox 864 1941 967 2029; x_wconf 88' lang='lat' dir='ltr'><strong><em>desit,</em></strong></span> <span class='ocrx_word' id='word_1_118' title='bbox 997 1967 1067 2013; x_wconf 89' lang='lat' dir='ltr'><strong><em>non</em></strong></span> <span class='ocrx_word' id='word_1_119' title='bbox 1093 1945 1242 2036; x_wconf 86' lang='lat' dir='ltr'><strong><em>potuisse</em></strong></span> 
     </span>
     <span class='ocr_line' id='line_1_16' title="bbox 122 2041 1240 2129; baseline 0.01 -19"><span class='ocrx_word' id='word_1_120' title='bbox 122 2041 190 2111; x_wconf 85' lang='lat' dir='ltr'><strong><em>sed</em></strong></span> <span class='ocrx_word' id='word_1_121' title='bbox 211 2049 331 2110; x_wconf 84' lang='lat' dir='ltr'><strong><em>tamen</em></strong></span> <span class='ocrx_word' id='word_1_122' title='bbox 358 2042 443 2122; x_wconf 84' lang='lat' dir='ltr'><strong><em>dici3</em></strong></span> <span class='ocrx_word' id='word_1_123' title='bbox 476 2066 545 2111; x_wconf 92' lang='lat' dir='ltr'><strong><em>non</em></strong></span> <span class='ocrx_word' id='word_1_124' title='bbox 572 2047 688 2129; x_wconf 89' lang='lat' dir='ltr'><strong><em>etiam,</em></strong></span> <span class='ocrx_word' id='word_1_125' title='bbox 722 2045 905 2116; x_wconf 88' lang='lat' dir='ltr'><strong><em>dicendum</em></strong></span> <span class='ocrx_word' id='word_1_126' title='bbox 927 2047 1028 2116; x_wconf 85' lang='lat' dir='ltr'><strong><em>fuisse</em></strong></span> <span class='ocrx_word' id='word_1_127' title='bbox 1055 2055 1089 2117; x_wconf 83' lang='lat' dir='ltr'><strong><em>el</em></strong></span> <span class='ocrx_word' id='word_1_128' title='bbox 1109 2058 1240 2123; x_wconf 83' lang='lat' dir='ltr'><strong><em>lamen.</em></strong></span> 
     </span>
     <span class='ocr_line' id='line_1_17' title="bbox 120 2143 1242 2243; baseline 0.003 -28"><span class='ocrx_word' id='word_1_129' title='bbox 120 2146 171 2215; x_wconf 86' lang='lat' dir='ltr'><strong><em>At</em></strong></span> <span class='ocrx_word' id='word_1_130' title='bbox 195 2166 277 2211; x_wconf 78' lang='lat' dir='ltr'><strong><em>vero</em></strong></span> <span class='ocrx_word' id='word_1_131' title='bbox 297 2143 396 2212; x_wconf 90' lang='lat' dir='ltr'><strong><em>etiam</em></strong></span> <span class='ocrx_word' id='word_1_132' title='bbox 416 2145 508 2234; x_wconf 84' lang='lat' dir='ltr'><strong><em>prius</em></strong></span> <span class='ocrx_word' id='word_1_133' title='bbox 528 2146 614 2213; x_wconf 89' lang='lat' dir='ltr'><strong><em>illud</em></strong></span> <span class='ocrx_word' id='word_1_134' title='bbox 636 2146 760 2214; x_wconf 85' lang='lat' dir='ltr'><strong><em>falsum</em></strong></span> <span class='ocrx_word' id='word_1_135' title='bbox 789 2171 877 2231; x_wconf 83' lang='lat' dir='ltr'><strong><em>esse,</em></strong></span> <span class='ocrx_word' id='word_1_136' title='bbox 907 2148 964 2215; x_wconf 87' lang='lat' dir='ltr'><strong><em>vel</em></strong></span> <span class='ocrx_word' id='word_1_137' title='bbox 988 2150 1057 2218; x_wconf 85' lang='lat' dir='ltr'><strong><em>sine</em></strong></span> <span class='ocrx_word' id='word_1_138' title='bbox 1078 2152 1242 2243; x_wconf 87' lang='lat' dir='ltr'><strong><em>exemplis</em></strong></span> 
     </span>
    </p>
   </div>
   <div class='ocr_carea' id='block_1_6' title="bbox 119 2246 1267 2444">
    <p class='ocr_par' dir='ltr' id='par_1_6' title="bbox 119 2246 1267 2444">
     <span class='ocr_line' id='line_1_18' title="bbox 120 2246 1267 2342; baseline 0.008 -28"><span class='ocrx_word' id='word_1_139' title='bbox 120 2255 279 2337; x_wconf 86' lang='lat' dir='ltr'><strong><em>apertum</em></strong></span> <span class='ocrx_word' id='word_1_140' title='bbox 302 2254 361 2314; x_wconf 81' lang='lat' dir='ltr'><strong><em>est</em></strong></span> <span class='ocrx_word' id='word_1_141' title='bbox 413 2246 507 2331; x_wconf 79' lang='lat' dir='ltr'><strong><em>Quid</em></strong></span> <span class='ocrx_word' id='word_1_142' title='bbox 535 2256 653 2342; x_wconf 15' lang='lat' dir='ltr'><strong><em>autem»</em></strong></span> <span class='ocrx_word' id='word_1_143' title='bbox 674 2248 700 2316; x_wconf 90' lang='lat' dir='ltr'><strong><em>si</em></strong></span> <span class='ocrx_word' id='word_1_144' title='bbox 726 2250 800 2340; x_wconf 88' lang='lat' dir='ltr'><strong><em>ipse</em></strong></span> <span class='ocrx_word' id='word_1_145' title='bbox 822 2251 999 2319; x_wconf 89' lang='lat' dir='ltr'><strong><em>Terentius</em></strong></span> <span class='ocrx_word' id='word_1_146' title='bbox 1028 2252 1130 2321; x_wconf 87' lang='lat' dir='ltr'><strong><em>etiarn</em></strong></span> <span class='ocrx_word' id='word_1_147' title='bbox 1158 2255 1267 2333; x_wconf 83' lang='lat' dir='ltr'><strong><em>alibio</em></strong></span> 
     </span>
     <span class='ocr_line' id='line_1_19' title="bbox 119 2349 1000 2444; baseline 0.003 -26"><span class='ocrx_word' id='word_1_148' title='bbox 119 2351 170 2422; x_wconf 89' lang='lat' dir='ltr'><strong><em>sic</em></strong></span> <span class='ocrx_word' id='word_1_149' title='bbox 191 2349 364 2439; x_wconf 85' lang='lat' dir='ltr'><strong><em>loquitur?</em></strong></span> <span class='ocrx_word' id='word_1_150' title='bbox 388 2351 442 2419; x_wconf 77' lang='lat' dir='ltr'><strong><em>&#39;Ac</em></strong></span> <span class='ocrx_word' id='word_1_151' title='bbox 459 2349 597 2421; x_wconf 84' lang='lat' dir='ltr'><strong><em>facitin</em></strong></span> <span class='ocrx_word' id='word_1_152' title='bbox 616 2351 770 2444; x_wconf 69' lang='lat' dir='ltr'><strong><em>Adelph</em></strong></span> <span class='ocrx_word' id='word_1_153' title='bbox 787 2352 848 2423; x_wconf 86' lang='lat' dir='ltr'><strong><em>lv.</em></strong></span> <span class='ocrx_word' id='word_1_154' title='bbox 875 2351 912 2437; x_wconf 83' lang='lat'><strong><em>4,</em></strong></span> <span class='ocrx_word' id='word_1_155' title='bbox 940 2349 1000 2421; x_wconf 81' lang='lat'><strong><em>15.</em></strong></span> 
     </span>
    </p>
   </div>
   <div class='ocr_carea' id='block_1_7' title="bbox 224 2501 1242 2682">
    <p class='ocr_par' dir='ltr' id='par_1_7' title="bbox 224 2501 1242 2682">
     <span class='ocr_line' id='line_1_20' title="bbox 224 2501 1242 2602; baseline 0.002 -26"><span class='ocrx_word' id='word_1_156' title='bbox 224 2502 318 2591; x_wconf 70' lang='lat' dir='ltr'><strong><em>aursi</em></strong></span> <span class='ocrx_word' id='word_1_157' title='bbox 336 2501 418 2574; x_wconf 88' lang='lat' dir='ltr'><strong><em>ilico</em></strong></span> <span class='ocrx_word' id='word_1_158' title='bbox 442 2502 493 2576; x_wconf 85' lang='lat' dir='ltr'><strong><em>od</em></strong></span> <span class='ocrx_word' id='word_1_159' title='bbox 518 2502 602 2576; x_wconf 87' lang='lat' dir='ltr'><strong><em>illos</em></strong></span> <span class='ocrx_word' id='word_1_160' title='bbox 629 2506 823 2600; x_wconf 77' lang='lat' dir='ltr'><strong><em>suspicari:</em></strong></span> <span class='ocrx_word' id='word_1_161' title='bbox 855 2506 921 2576; x_wconf 87' lang='lat' dir='ltr'><strong><em>sed</em></strong></span> <span class='ocrx_word' id='word_1_162' title='bbox 944 2529 1002 2580; x_wconf 89' lang='lat' dir='ltr'><strong><em>me</em></strong></span> <span class='ocrx_word' id='word_1_163' title='bbox 1024 2507 1242 2602; x_wconf 79' lang='lat' dir='ltr'><strong><em>reprehendi</em></strong></span> 
     </span>
     <span class='ocr_line' id='line_1_21' title="bbox 806 2618 936 2682; baseline 0.008 -1"><span class='ocrx_word' id='word_1_164' title='bbox 806 2618 936 2682; x_wconf 82' lang='lat' dir='ltr'><strong><em>lamen.</em></strong></span> 
     </span>
    </p>
   </div>
   <div class='ocr_carea' id='block_1_8' title="bbox 119 2760 1253 3478">
    <p class='ocr_par' dir='ltr' id='par_1_8' title="bbox 119 2760 1253 3478">
     <span class='ocr_line' id='line_1_22' title="bbox 121 2760 1241 2862; baseline 0.005 -32"><span class='ocrx_word' id='word_1_165' title='bbox 121 2760 228 2831; x_wconf 89' lang='lat' dir='ltr'><strong><em>Aliud</em></strong></span> <span class='ocrx_word' id='word_1_166' title='bbox 241 2771 475 2856; x_wconf 79' lang='lat' dir='ltr'><strong><em>argumentum</em></strong></span> <span class='ocrx_word' id='word_1_167' title='bbox 495 2765 539 2832; x_wconf 87' lang='lat' dir='ltr'><strong><em>ab</em></strong></span> <span class='ocrx_word' id='word_1_168' title='bbox 552 2762 756 2858; x_wconf 83' lang='lat' dir='ltr'><strong><em>Eugraphio</em></strong></span> <span class='ocrx_word' id='word_1_169' title='bbox 774 2766 869 2859; x_wconf 84' lang='lat' dir='ltr'><strong><em>petit,</em></strong></span> <span class='ocrx_word' id='word_1_170' title='bbox 896 2768 990 2862; x_wconf 85' lang='lat' dir='ltr'><strong><em>apud</em></strong></span> <span class='ocrx_word' id='word_1_171' title='bbox 1006 2790 1119 2858; x_wconf 88' lang='lat' dir='ltr'><strong><em>quem,</em></strong></span> <span class='ocrx_word' id='word_1_172' title='bbox 1144 2767 1241 2860; x_wconf 90' lang='lat' dir='ltr'><strong><em>quod</em></strong></span> 
     </span>
     <span class='ocr_line' id='line_1_23' title="bbox 121 2867 1253 2961; baseline 0.009 -28"><span class='ocrx_word' id='word_1_173' title='bbox 121 2867 197 2957; x_wconf 89' lang='lat' dir='ltr'><strong><em>ipse</em></strong></span> <span class='ocrx_word' id='word_1_174' title='bbox 222 2869 428 2955; x_wconf 88' lang='lat' dir='ltr'><strong><em>coniecerat,</em></strong></span> <span class='ocrx_word' id='word_1_175' title='bbox 461 2875 496 2937; x_wconf 83' lang='lat' dir='ltr'><strong><em>el</em></strong></span> <span class='ocrx_word' id='word_1_176' title='bbox 518 2875 637 2936; x_wconf 85' lang='lat' dir='ltr'><strong><em>tomen</em></strong></span> <span class='ocrx_word' id='word_1_177' title='bbox 662 2869 824 2961; x_wconf 88' lang='lat' dir='ltr'><strong><em>scriptum</em></strong></span> <span class='ocrx_word' id='word_1_178' title='bbox 845 2869 886 2938; x_wconf 89' lang='lat' dir='ltr'><strong><em>sit</em></strong></span> <span class='ocrx_word' id='word_1_179' title='bbox 910 2872 954 2942; x_wconf 88' lang='lat' dir='ltr'><strong><em>ad</em></strong></span> <span class='ocrx_word' id='word_1_180' title='bbox 977 2896 1008 2943; x_wconf 84' lang='lat' dir='ltr'><strong><em>r.</em></strong></span> <span class='ocrx_word' id='word_1_181' title='bbox 1034 2870 1070 2941; x_wconf 81' lang='lat'><strong><em>8.</em></strong></span> <span class='ocrx_word' id='word_1_182' title='bbox 1120 2873 1166 2942; x_wconf 85' lang='lat' dir='ltr'><strong><em>Et</em></strong></span> <span class='ocrx_word' id='word_1_183' title='bbox 1191 2874 1253 2942; x_wconf 89' lang='lat' dir='ltr'><strong><em>ita·</em></strong></span> 
     </span>
     <span class='ocr_line' id='line_1_24' title="bbox 123 2969 1240 3060; baseline 0.006 -24"><span class='ocrx_word' id='word_1_184' title='bbox 123 2991 203 3036; x_wconf 87' lang='lat' dir='ltr'><strong><em>sane</em></strong></span> <span class='ocrx_word' id='word_1_185' title='bbox 218 2969 324 3039; x_wconf 87' lang='lat' dir='ltr'><strong><em>edidit</em></strong></span> <span class='ocrx_word' id='word_1_186' title='bbox 344 2971 646 3040; x_wconf 88' lang='lat' dir='ltr'><strong><em>Lindenbruchius.</em></strong></span> <span class='ocrx_word' id='word_1_187' title='bbox 680 2972 751 3041; x_wconf 86' lang='lat' dir='ltr'><strong><em>Sed</em></strong></span> <span class='ocrx_word' id='word_1_188' title='bbox 764 2973 868 3042; x_wconf 88' lang='lat' dir='ltr'><strong><em>editio</em></strong></span> <span class='ocrx_word' id='word_1_189' title='bbox 882 2975 1180 3060; x_wconf 79' lang='lat' dir='ltr'><strong><em>Westerhoriana‚</em></strong></span> <span class='ocrx_word' id='word_1_190' title='bbox 1204 2976 1240 3043; x_wconf 89' lang='lat' dir='ltr'><strong><em>in</em></strong></span> 
     </span>
     <span class='ocr_line' id='line_1_25' title="bbox 122 3073 1239 3170; baseline 0.004 -29"><span class='ocrx_word' id='word_1_191' title='bbox 122 3095 193 3162; x_wconf 85' lang='lat' dir='ltr'><strong><em>qua</em></strong></span> <span class='ocrx_word' id='word_1_192' title='bbox 216 3096 236 3143; x_wconf 88' lang='lat' dir='ltr'><strong><em>e</em></strong></span> <span class='ocrx_word' id='word_1_193' title='bbox 258 3073 391 3143; x_wconf 90' lang='lat' dir='ltr'><strong><em>duobus</em></strong></span> <span class='ocrx_word' id='word_1_194' title='bbox 417 3074 523 3146; x_wconf 89' lang='lat' dir='ltr'><strong>MSS.</strong></span> <span class='ocrx_word' id='word_1_195' title='bbox 547 3074 655 3144; x_wconf 89' lang='lat' dir='ltr'><strong><em>editus</em></strong></span> <span class='ocrx_word' id='word_1_196' title='bbox 684 3085 734 3143; x_wconf 89' lang='lat' dir='ltr'><strong><em>est</em></strong></span> <span class='ocrx_word' id='word_1_197' title='bbox 754 3076 993 3170; x_wconf 86' lang='lat' dir='ltr'><strong><em>Eugraphius,</em></strong></span> <span class='ocrx_word' id='word_1_198' title='bbox 1031 3079 1098 3146; x_wconf 88' lang='lat' dir='ltr'><strong><em>sed</em></strong></span> <span class='ocrx_word' id='word_1_199' title='bbox 1119 3084 1239 3146; x_wconf 85' lang='lat' dir='ltr'><strong><em>tomen</em></strong></span> 
     </span>
     <span class='ocr_line' id='line_1_26' title="bbox 121 3173 1238 3273; baseline 0.006 -31"><span class='ocrx_word' id='word_1_200' title='bbox 121 3173 245 3245; x_wconf 85' lang='lat' dir='ltr'><strong><em>habet:</em></strong></span> <span class='ocrx_word' id='word_1_201' title='bbox 270 3199 474 3267; x_wconf 87' lang='lat' dir='ltr'><strong><em>quamquam</em></strong></span> <span class='ocrx_word' id='word_1_202' title='bbox 490 3200 593 3265; x_wconf 89' lang='lat' dir='ltr'><strong><em>quum</em></strong></span> <span class='ocrx_word' id='word_1_203' title='bbox 608 3177 696 3244; x_wconf 90' lang='lat' dir='ltr'><strong><em>haec</em></strong></span> <span class='ocrx_word' id='word_1_204' title='bbox 713 3178 814 3246; x_wconf 88' lang='lat' dir='ltr'><strong><em>valde</em></strong></span> <span class='ocrx_word' id='word_1_205' title='bbox 838 3181 1050 3273; x_wconf 82' lang='lat' dir='ltr'><strong><em>negligenter</em></strong></span> <span class='ocrx_word' id='word_1_206' title='bbox 1072 3181 1165 3249; x_wconf 87' lang='lat' dir='ltr'><strong><em>facta</em></strong></span> <span class='ocrx_word' id='word_1_207' title='bbox 1187 3181 1238 3266; x_wconf 85' lang='lat' dir='ltr'><strong><em>sit,</em></strong></span> 
     </span>
     <span class='ocr_line' id='line_1_27' title="bbox 119 3278 1239 3374; baseline 0.004 -26"><span class='ocrx_word' id='word_1_208' title='bbox 119 3302 190 3348; x_wconf 88' lang='lat' dir='ltr'><strong><em>non</em></strong></span> <span class='ocrx_word' id='word_1_209' title='bbox 213 3282 358 3348; x_wconf 89' lang='lat' dir='ltr'><strong><em>multum</em></strong></span> <span class='ocrx_word' id='word_1_210' title='bbox 381 3281 413 3347; x_wconf 90' lang='lat' dir='ltr'><strong><em>ei</em></strong></span> <span class='ocrx_word' id='word_1_211' title='bbox 431 3279 586 3347; x_wconf 86' lang='lat' dir='ltr'><strong><em>tribuam.</em></strong></span> <span class='ocrx_word' id='word_1_212' title='bbox 637 3278 731 3346; x_wconf 89' lang='lat' dir='ltr'><strong><em>Illud</em></strong></span> <span class='ocrx_word' id='word_1_213' title='bbox 751 3301 833 3368; x_wconf 78' lang='lat' dir='ltr'><strong><em>reto</em></strong></span> <span class='ocrx_word' id='word_1_214' title='bbox 855 3290 1016 3374; x_wconf 86' lang='lat' dir='ltr'><strong><em>apparet,</em></strong></span> <span class='ocrx_word' id='word_1_215' title='bbox 1033 3303 1035 3308; x_wconf 82' lang='grc'><strong>’</strong></span> <span class='ocrx_word' id='word_1_216' title='bbox 1051 3283 1239 3353; x_wconf 85' lang='lat' dir='ltr'><strong><em>admodum</em></strong></span> 
     </span>
     <span class='ocr_line' id='line_1_28' title="bbox 121 3379 1239 3478; baseline 0.004 -28"><span class='ocrx_word' id='word_1_217' title='bbox 121 3379 233 3451; x_wconf 88' lang='lat' dir='ltr'><strong><em>levem</em></strong></span> <span class='ocrx_word' id='word_1_218' title='bbox 256 3406 327 3454; x_wconf 89' lang='lat' dir='ltr'><strong><em>csse</em></strong></span> <span class='ocrx_word' id='word_1_219' title='bbox 355 3392 425 3450; x_wconf 89' lang='lat' dir='ltr'><strong><em>tam</em></strong></span> <span class='ocrx_word' id='word_1_220' title='bbox 452 3382 602 3478; x_wconf 85' lang='lat' dir='ltr'><strong><em>corrupti</em></strong></span> <span class='ocrx_word' id='word_1_221' title='bbox 627 3381 796 3472; x_wconf 86' lang='lat' dir='ltr'><strong><em>scriptoris</em></strong></span> <span class='ocrx_word' id='word_1_222' title='bbox 822 3388 1061 3457; x_wconf 84' lang='lat' dir='ltr'><strong><em>auctoritatem.</em></strong></span> <span class='ocrx_word' id='word_1_223' title='bbox 1118 3387 1239 3475; x_wconf 89' lang='lat' dir='ltr'><strong><em>ltaque</em></strong></span> 
     </span>
    </p>
   </div>
   <div class='ocr_carea' id='block_1_9' title="bbox 120 3485 1238 3692">
    <p class='ocr_par' dir='ltr' id='par_1_9' title="bbox 120 3485 1238 3692">
     <span class='ocr_line' id='line_1_29' title="bbox 120 3485 1238 3583; baseline 0.005 -29"><span class='ocrx_word' id='word_1_224' title='bbox 120 3487 257 3555; x_wconf 88' lang='lat' dir='ltr'><strong><em>tertium</em></strong></span> <span class='ocrx_word' id='word_1_225' title='bbox 271 3485 418 3575; x_wconf 90' lang='lat' dir='ltr'><strong><em>denique</em></strong></span> <span class='ocrx_word' id='word_1_226' title='bbox 432 3495 666 3579; x_wconf 82' lang='lat' dir='ltr'><strong><em>argumentum</em></strong></span> <span class='ocrx_word' id='word_1_227' title='bbox 680 3486 861 3574; x_wconf 86' lang='lat' dir='ltr'><strong><em>videamus,</em></strong></span> <span class='ocrx_word' id='word_1_228' title='bbox 885 3489 980 3581; x_wconf 91' lang='lat' dir='ltr'><strong><em>qnod</em></strong></span> <span class='ocrx_word' id='word_1_229' title='bbox 995 3489 1238 3583; x_wconf 87' lang='lat' dir='ltr'><strong><em>depromptum</em></strong></span> 
     </span>
     <span class='ocr_line' id='line_1_30' title="bbox 121 3589 1181 3692; baseline 0 -34"><span class='ocrx_word' id='word_1_230' title='bbox 121 3597 171 3658; x_wconf 88' lang='lat' dir='ltr'><strong><em>cst</em></strong></span> <span class='ocrx_word' id='word_1_231' title='bbox 192 3612 233 3658; x_wconf 86' lang='lat' dir='ltr'><strong><em>ex</em></strong></span> <span class='ocrx_word' id='word_1_232' title='bbox 245 3589 379 3658; x_wconf 86' lang='lat' dir='ltr'><strong><em>duobus</em></strong></span> <span class='ocrx_word' id='word_1_233' title='bbox 400 3589 473 3657; x_wconf 86' lang='lat' dir='ltr'><strong><em>aliis</em></strong></span> <span class='ocrx_word' id='word_1_234' title='bbox 488 3589 640 3657; x_wconf 85' lang='lat' dir='ltr'><strong><em>Terentii</em></strong></span> <span class='ocrx_word' id='word_1_235' title='bbox 659 3589 760 3676; x_wconf 88' lang='lat' dir='ltr'><strong><em>locis,</em></strong></span> <span class='ocrx_word' id='word_1_236' title='bbox 786 3591 892 3660; x_wconf 86' lang='lat' dir='ltr'><strong><em>Andr.</em></strong></span> <span class='ocrx_word' id='word_1_237' title='bbox 913 3591 1072 3679; x_wconf 79' lang='lat'><strong><em>1.1,32.</em></strong></span> <span class='ocrx_word' id='word_1_238' title='bbox 1179 3687 1181 3692; x_wconf 67' lang='lat'>,</span> 
     </span>
    </p>
   </div>
   <div class='ocr_carea' id='block_1_10' title="bbox 221 3726 1134 3905">
    <p class='ocr_par' dir='ltr' id='par_1_10' title="bbox 221 3726 1134 3905">
     <span class='ocr_line' id='line_1_31' title="bbox 222 3726 1039 3823; baseline 0.005 -27"><span class='ocrx_word' id='word_1_239' title='bbox 222 3726 349 3798; x_wconf 73' lang='lat' dir='ltr'><strong><em>limum</em></strong></span> <span class='ocrx_word' id='word_1_240' title='bbox 367 3726 428 3796; x_wconf 89' lang='lat' dir='ltr'><strong><em>ille</em></strong></span> <span class='ocrx_word' id='word_1_241' title='bbox 445 3727 533 3800; x_wconf 84' lang='lat' dir='ltr'><strong><em>nihil</em></strong></span> <span class='ocrx_word' id='word_1_242' title='bbox 546 3728 706 3822; x_wconf 79' lang='lat' dir='ltr'><strong><em>egregie</em></strong></span> <span class='ocrx_word' id='word_1_243' title='bbox 721 3736 872 3823; x_wconf 76' lang='lat' dir='ltr'><strong><em>praeter</em></strong></span> <span class='ocrx_word' id='word_1_244' title='bbox 893 3737 1039 3802; x_wconf 83' lang='lat' dir='ltr'><strong><em>caetera</em></strong></span> 
     </span>
     <span class='ocr_line' id='line_1_32' title="bbox 221 3829 1134 3905; baseline 0 -5"><span class='ocrx_word' id='word_1_245' title='bbox 221 3829 407 3902; x_wconf 68' lang='lat' dir='ltr'><strong><em>studebat:</em></strong></span> <span class='ocrx_word' id='word_1_246' title='bbox 432 3838 467 3902; x_wconf 89' lang='lat' dir='ltr'><strong><em>el</em></strong></span> <span class='ocrx_word' id='word_1_247' title='bbox 490 3839 609 3902; x_wconf 83' lang='lat' dir='ltr'><strong><em>lumen</em></strong></span> <span class='ocrx_word' id='word_1_248' title='bbox 634 3833 752 3904; x_wconf 83' lang='lat' dir='ltr'><strong><em>omnia</em></strong></span> <span class='ocrx_word' id='word_1_249' title='bbox 777 3831 869 3904; x_wconf 82' lang='lat' dir='ltr'><strong><em>luceo</em></strong></span> <span class='ocrx_word' id='word_1_250' title='bbox 898 3831 1134 3905; x_wconf 79' lang='lat' dir='ltr'><strong><em>nsediocriler.</em></strong></span> 
     </span>
    </p>
   </div>
   <div class='ocr_carea' id='block_1_11' title="bbox 120 3967 1045 4203">
    <p class='ocr_par' dir='ltr' id='par_1_11' title="bbox 120 3967 1045 4203">
     <span class='ocr_line' id='line_1_33' title="bbox 120 3967 478 4055; baseline 0.011 -19"><span class='ocrx_word' id='word_1_251' title='bbox 120 3967 168 4037; x_wconf 87' lang='lat' dir='ltr'><strong><em>Et</em></strong></span> <span class='ocrx_word' id='word_1_252' title='bbox 188 3967 249 4038; x_wconf 86' lang='lat' dir='ltr'><strong><em>lv.</em></strong></span> <span class='ocrx_word' id='word_1_253' title='bbox 277 3968 319 4055; x_wconf 92' lang='lat'><strong><em>1,</em></strong></span> <span class='ocrx_word' id='word_1_254' title='bbox 345 3967 380 4040; x_wconf 84' lang='grc'><strong><em>9.</em></strong></span> <span class='ocrx_word' id='word_1_255' title='bbox 471 4017 478 4040; x_wconf 81' lang='grc'><strong><em>,</em></strong></span> 
     </span>
     <span class='ocr_line' id='line_1_34' title="bbox 224 4107 1045 4203; baseline 0.005 -28"><span class='ocrx_word' id='word_1_256' title='bbox 224 4113 259 4174; x_wconf 88' lang='lat' dir='ltr'><strong><em>el</em></strong></span> <span class='ocrx_word' id='word_1_257' title='bbox 273 4107 414 4193; x_wconf 85' lang='lat' dir='ltr'><strong><em>liment,</em></strong></span> <span class='ocrx_word' id='word_1_258' title='bbox 439 4115 608 4179; x_wconf 82' lang='lat' dir='ltr'><strong><em>ettamen</em></strong></span> <span class='ocrx_word' id='word_1_259' title='bbox 628 4129 688 4180; x_wconf 85' lang='lat' dir='ltr'><strong><em>res</em></strong></span> <span class='ocrx_word' id='word_1_260' title='bbox 701 4109 837 4203; x_wconf 80' lang='lat' dir='ltr'><strong><em>premit</em></strong></span> <span class='ocrx_word' id='word_1_261' title='bbox 850 4107 1045 4203; x_wconf 83' lang='lat' dir='ltr'><strong><em>denegare.</em></strong></span> 
     </span>
    </p>
   </div>
   <div class='ocr_carea' id='block_1_12' title="bbox 116 4259 1279 4460">
    <p class='ocr_par' dir='ltr' id='par_1_12' title="bbox 116 4259 1279 4460">
     <span class='ocr_line' id='line_1_35' title="bbox 119 4259 1279 4354; baseline 0.007 -27"><span class='ocrx_word' id='word_1_262' title='bbox 119 4259 166 4328; x_wconf 82' lang='lat' dir='ltr'><strong><em>At</em></strong></span> <span class='ocrx_word' id='word_1_263' title='bbox 187 4259 271 4351; x_wconf 88' lang='lat' dir='ltr'><strong><em>quid</em></strong></span> <span class='ocrx_word' id='word_1_264' title='bbox 291 4262 440 4352; x_wconf 89' lang='lat' dir='ltr'><strong><em>probant</em></strong></span> <span class='ocrx_word' id='word_1_265' title='bbox 464 4260 503 4329; x_wconf 92' lang='lat' dir='ltr'><strong><em>hi</em></strong></span> <span class='ocrx_word' id='word_1_266' title='bbox 521 4261 616 4332; x_wconf 81' lang='lat' dir='ltr'><strong><em>loci?</em></strong></span> <span class='ocrx_word' id='word_1_267' title='bbox 655 4263 799 4333; x_wconf 81' lang='lat' dir='ltr'><strong><em>Inveniri</em></strong></span> <span class='ocrx_word' id='word_1_268' title='bbox 822 4270 856 4332; x_wconf 83' lang='lat' dir='ltr'><strong><em>el</em></strong></span> <span class='ocrx_word' id='word_1_269' title='bbox 879 4271 1018 4334; x_wconf 79' lang='lat' dir='ltr'><strong><em>tomen:</em></strong></span> <span class='ocrx_word' id='word_1_270' title='bbox 1056 4263 1141 4336; x_wconf 89' lang='lat' dir='ltr'><strong><em>nihil</em></strong></span> <span class='ocrx_word' id='word_1_271' title='bbox 1163 4289 1237 4334; x_wconf 90' lang='lat' dir='ltr'><strong><em>am·</em></strong></span> <span class='ocrx_word' id='word_1_272' title='bbox 1274 4347 1279 4354; x_wconf 61' lang='lat'>„</span> 
     </span>
     <span class='ocr_line' id='line_1_36' title="bbox 116 4361 1236 4460; baseline 0.006 -28"><span class='ocrx_word' id='word_1_273' title='bbox 116 4361 217 4452; x_wconf 87' lang='lat' dir='ltr'><strong><em>plius.</em></strong></span> <span class='ocrx_word' id='word_1_274' title='bbox 270 4364 363 4451; x_wconf 81' lang='lat' dir='ltr'><strong><em>Quin</em></strong></span> <span class='ocrx_word' id='word_1_275' title='bbox 374 4365 538 4438; x_wconf 75' lang='lat' dir='ltr'><strong><em>secundus</em></strong></span> <span class='ocrx_word' id='word_1_276' title='bbox 562 4388 679 4438; x_wconf 85' lang='lat' dir='ltr'><strong><em>eorum</em></strong></span> <span class='ocrx_word' id='word_1_277' title='bbox 698 4367 906 4439; x_wconf 82' lang='lat' dir='ltr'><strong><em>redebebat</em></strong></span> <span class='ocrx_word' id='word_1_278' title='bbox 923 4369 1063 4460; x_wconf 88' lang='lat' dir='ltr'><strong><em>quidem</em></strong></span> <span class='ocrx_word' id='word_1_279' title='bbox 1084 4391 1236 4442; x_wconf 87' lang='lat' dir='ltr'><strong><em>comme·</em></strong></span> 
     </span>
    </p>
   </div>
   <div class='ocr_carea' id='block_1_13' title="bbox 0 0 1534 5046">
    <p class='ocr_par' dir='ltr' id='par_1_13' title="bbox 0 0 1534 5046">
     <span class='ocr_line' id='line_1_37' title="bbox 0 0 1534 5046; baseline 0 3"><span class='ocrx_word' id='word_1_280' title='bbox 0 0 1534 5046; x_wconf 95' lang='lat' dir='ltr'><strong><em> </em></strong></span> 
     </span>
    </p>
   </div>
  </div>
 </body>
</html>
