3080 5054
330 373 745 442 uurnttoclauvra
771 377 1097 444 TRAGICARVM.
1138 323 1145 346 Ι
1202 383 1268 448 ⁸1⁸

151 549 250 622 tabili
264 571 392 643 genere
411 550 609 644 tragoediae
626 551 748 620 mirum
768 558 930 642 quantum
944 549 1104 620 diffemnt
1123 549 1268 622 home-

151 655 267 738 theam
292 656 546 744 Agamemnon,
573 653 796 724 Eumenides:
828 677 970 743 quarum
992 653 1062 726 lroo
1088 677 1269 726 commune

151 765 219 841 est,
251 756 347 845 quod
372 758 509 827 actionis
538 758 725 849 explicatae
753 757 799 826 ad
832 758 935 826 linem
954 757 1153 849 perductio,
1187 781 1268 830 cum

150 881 278 951 magna
293 861 465 930 seueritate
481 861 675 948 coniuncto,
698 860 897 952 primarium
913 868 980 942 est3
1004 863 1215 949 maximeque
1231 863 1268 930 in

151 965 429 1055 Agamemnone,
467 987 555 1054 quae
579 973 617 1033 ut
640 965 854 1057 longissima,
892 964 939 1032 ita
968 965 1069 1032 etiam
1089 964 1268 1056 perfectis-

151 1067 235 1134 sima
258 1065 435 1158 tragoedia
457 1076 519 1135 est.
571 1067 750 1136 Simillima
771 1067 855 1136 hnic
871 1067 1094 1136 Prometheus
1115 1076 1182 1152 est,
1207 1065 1270 1135 nisi

150 1168 246 1260 quod
267 1163 429 1261 κόμμους
456 1172 565 1238 nullos
586 1169 701 1240 hahet
752 1172 810 1242 Ab
840 1180 983 1259 utraque
1011 1170 1173 1238 differunt
1194 1171 1269 1240 Eu-

150 1271 302 1342 menides
321 1272 494 1342 insolentia
513 1273 706 1364 spectaculi,
764 1273 835 1343 Sed
855 1273 917 1341 illa
939 1273 1156 1342 similitudine
1170 1274 1268 1364 Aga-

150 1374 336 1444 memnonis
364 1384 398 1444 et
417 1375 613 1446 Promethei
636 1399 759 1446 moneo
788 1377 929 1465 nequis
954 1378 1001 1444 ita
1023 1378 1198 1461 abutatur,
1230 1383 1269 1446 ut

149 1479 208 1548 eas
243 1477 376 1547 fabulas
406 1479 528 1549 eodem
563 1481 636 1548 fere
665 1473 823 1573 tempore
850 1480 989 1572 scriptas
1016 1489 1131 1572 putet,
1173 1477 1269 1568 quod

151 1603 262 1673 nuper
273 1581 356 1651 fecit
372 1583 494 1651 Franc.
510 1583 686 1652 Passovius
701 1585 736 1652 in
749 1583 976 1652 Meletematis
989 1583 1110 1652 criticis
1128 1582 1164 1660 iu
1183 1583 1268 1651 Per-

17 1693 24 1704 ”
151 1708 203 1752 sas
217 1683 380 1776 Aeschyli
401 1708 437 1777 p.
452 1684 486 1756 2.
511 1707 553 1756 eo
575 1708 652 1754 usus
672 1695 889 1780 argumento,
922 1687 1016 1777 quod
1038 1709 1103 1778 par
1122 1687 1158 1754 in
1180 1685 1268 1754 Pro-

152 1786 290 1856 metheo
311 1798 411 1880 atque
434 1790 468 1858 iu
490 1791 629 1883 trilogia
650 1790 711 1860 ista
736 1814 788 1859 ars
811 1798 896 1859 esset
925 1800 1049 1881 poetae
1077 1787 1267 1880 conspicua.

152 1889 200 1960 At
222 1911 332 1980 neque
351 1915 417 1961 una
444 1893 562 1963 fabula
577 1901 671 1964 recte
691 1916 769 1965 oum
791 1893 929 1986 trilogia
951 1889 1181 1986 comparatur,
1205 1915 1269 1960 ne·
1313 1915 1316 1920 ’

151 2016 220 2083 que
242 1997 464 2065 necessarium
481 2006 546 2082 est,
571 2006 629 2084 ut,
651 2021 739 2087 quae
754 2005 825 2067 arte
848 1998 1052 2066 elaboratior
1072 2005 1121 2066 est
1139 1995 1268 2079 fabula,

151 2097 255 2164 etiam
273 2099 441 2185 posterior
460 2099 502 2165 sit
522 2107 688 2189 tempore.
739 2101 786 2167 Et
807 2101 1030 2168 Prometheus
1048 2099 1186 2188 quidem
1208 2119 1269 2166 cur

150 2197 237 2268 milri
268 2199 376 2266 multo
413 2209 490 2267 ante
520 2201 813 2291 Agamemnonem
846 2200 1017 2269 videretur
1050 2201 1159 2268 editus
1187 2221 1269 2284 esse,
1391 2263 1409 2296 e

120 2289 127 2310 ⁸
151 2302 221 2370 alio
237 2302 315 2370 loco
330 2301 484 2372 iudicavi.
536 2302 691 2387 Quodsi
713 2325 773 2387 ea,
800 2325 888 2392 quae
913 2326 1016 2395 snpra
1037 2302 1083 2370 de
1098 2301 1270 2393 composi-
1348 2331 1352 2338 ·

151 2405 244 2472 tione
271 2404 378 2489 illius,
411 2427 514 2496 quam
543 2405 659 2474 adhuc
685 2405 867 2490 habemus,
908 2406 1066 2498 trilogiae
1096 2403 1185 2488 dixi,
1212 2401 1270 2471 vel

151 2530 233 2578 vera
256 2518 346 2596 sunt,
372 2508 428 2576 vel
452 2515 544 2578 certe
565 2508 684 2577 similia
707 2509 813 2594 veris,
838 2517 876 2576 ut
899 2531 940 2576 ex
965 2509 1002 2575 iis
1022 2518 1194 2597 tamquam
1217 2507 1270 2576 le-

153 2599 309 2702 gitimuui
334 2611 420 2680 sumi
446 2603 588 2697 debeat,
624 2613 768 2703 primam
794 2612 954 2704 trilogiae
976 2611 1128 2679 subulam
1150 2610 1272 2679 mentis

150 2708 362 2806 potissimum
393 2724 494 2803 atque
518 2714 618 2783 animi
650 2716 868 2786 oblectationi
889 2715 1019 2784 actione
1045 2716 1143 2807 graui
1168 2714 1271 2806 plene

152 2825 255 2904 atque
272 2818 438 2908 explicate
463 2817 633 2886 adfinem
655 2819 877 2911 perducenda
891 2818 1062 2898 inservire3
1087 2815 1271 2887 secundam

153 2920 359 2991 canticorum
376 2920 607 2990 modulatione
631 2944 672 2993 ac
693 2923 873 3016 multiplici
894 2923 1052 2991 varietate
1077 2945 1172 2990 aures
1188 2943 1270 3011 per-

153 3024 320 3104 mulcere}
346 3026 479 3093 tertiam
500 3024 783 3114 deniqueocutos
799 3048 888 3094 novo
907 3036 1006 3114 atque
1021 3025 1175 3092 insolenti
1190 3046 1270 3113 spe-

154 3128 286 3195 ctaculo
302 3128 491 3216 percellere
507 3148 547 3197 ac
559 3131 717 3196 retinere:
744 3129 974 3218 experiamur,
1002 3150 1044 3192 an
1067 3127 1168 3193 etiam
1190 3147 1271 3193 cae·
1309 3203 1311 3206 ¹

154 3237 262 3314 terae,
303 3252 387 3318 quas
408 3228 593 3313 habemus,
624 3229 797 3320 'Aeschyli
822 3228 960 3296 fabulae
988 3218 1077 3297 hanc
1105 3228 1270 3295 rationem

152 3323 354 3404 confirmare
375 3331 565 3399 videantur:
591 3331 697 3399 modo
720 3355 764 3400 ue
785 3330 980 3420 credamus,
1006 3352 1108 3419 quem
1129 3331 1188 3398 illa
1207 3329 1270 3397 tri-

153 3435 249 3528 logia
275 3435 465 3503 variationis
500 3433 654 3506 ordinem
688 3435 831 3520 habet,
856 3443 1046 3505 constanter
1077 3433 1200 3502 servari
1237 3433 1271 3498 in

155 3539 310 3608 omnibus
343 3537 515 3607 debuisse:
560 3538 598 3606 id
624 3538 719 3628 qnod
751 3562 795 3608 ne
828 3547 1103 3630 argumentorum
1133 3533 1271 3626 quidem

51 3665 69 3672 ‘·
155 3642 307 3710 omnium
329 3640 479 3712 conditio
504 3642 713 3733 permisisset.
772 3641 938 3733 Magnam
962 3649 1074 3708 tamen
1095 3660 1270 3730 commen÷

155 3744 328 3814 dationem
349 3745 449 3814 etiam
463 3745 504 3814 ab
522 3767 563 3814 eo
577 3743 707 3814 habere
718 3747 780 3814 iste
797 3744 883 3812 ordo
899 3743 1032 3829 debuit,
1059 3742 1154 3832 quod
1167 3742 1318 3832 aptis-1⁰

155 3849 257 3918 simus
279 3856 364 3916 esset
381 3847 426 3915 ad
446 3847 652 3938 placendum
677 3846 898 3918 multitudini:
922 3870 1010 3937 quae
1025 3868 1128 3936 quum
1143 3844 1270 3912 oratio·
1354 3925 1357 3932 Ι

155 3951 205 4019 nis
222 3952 387 4044 gravitate
400 3952 503 4022 facile
517 3953 672 4038 satietur,
695 3949 868 4022 retinenda
891 3959 940 4020 est
957 3951 1032 4019 aliis
1049 3949 1212 4033 artificiis,
1239 3957 1272 4018 et
1386 3971 1389 3974 ·

154 4055 266 4147 primo
288 4055 428 4146 quidem
452 4066 567 4126 cantus
587 4057 757 4142 suavitate,
783 4064 955 4146 postremo
977 4052 1123 4121 novitate
1138 4061 1272 4146 specta-

154 4159 326 4244 culorum,
353 4181 440 4246 quae
453 4159 599 4228 maxima
614 4161 710 4252 uulgi
733 4159 915 4228 oblectatio
933 4166 992 4226 est.
1127 4202 1131 4211 -

257 4264 311 4333 Ac
329 4263 487 4353 profecto
505 4263 705 4332 continuare
715 4261 871 4331 videntur
885 4260 1116 4332 coniecturam
1127 4250 1272 4328 nomam

151 4366 266 4457 primo
290 4368 431 4438 Persae:
471 4388 560 4458 qrrae
583 4367 720 4456 fabula,
736 4374 739 4381 ’
756 4388 860 4459 qnam
883 4365 1026 4457 similem
1055 4359 1272 4456 Choephoris
