3078 5026
272 337 336 404 m
451 295 457 308 '
488 330 545 392 nn
571 329 838 394 usraoavrr
866 330 1169 407 Qvoavnurn

271 505 393 578 Dicit
382 526 466 596 rsp.
488 499 549 572 38.
570 501 710 591 nominis
735 501 901 596 originem
929 501 1172 576 declaraturus:
1206 501 1388 604 σημανιός

274 610 333 699 δέ,
360 605 421 682 ὅτι
442 598 629 702 βραθνς
600 633 649 678 ων
670 611 747 687 τοῖς
767 599 931 728 χρόνοις,
974 611 1221 731 έσιτσχνησαϊς
1251 609 1394 730 χρῆσαι

274 707 488 808 σημασέαις,
533 701 937 803 παραισλσοθὴσεας”
915 735 1018 784 suasa
1049 704 1288 796 διπλασιάζων
1320 738 1387 791 σας
1524 781 1525 786 ,

272 815 402 893 θέσεις.
459 809 646 878 Martianus
668 809 810 900 Capella
839 812 980 882 obscure
1015 811 1127 880 vertit·
1174 814 1424 900 sesentiens,
1524 859 1525 866 ι

272 937 379 999 sane,
409 914 512 1006 quio,
538 935 644 1005 quem
658 913 704 982 sit
726 907 868 982 to'rdicr
889 921 1063 1006 tmepore,
1089 913 1389 1010 significationem

272 1019 389 1112 ἔρεσσε
405 1015 610 1110 productae
623 1022 658 1084 et
671 1016 885 1088 rosanensis
904 1017 1106 1088 cessationis
1128 1016 1281 1114 effingit.
1305 1024 1388 1118 Ση-

271 1119 409 1214 μασέα,
452 1119 497 1186 de
523 1141 593 1209 quo
620 1121 788 1189 vocabulo
814 1143 884 1192 non
911 1121 987 1190 satis
1011 1130 1166 1192 accurate
1190 1121 1388 1194 scholiastes

163 1214 164 1226 ’
204 1291 207 1302 ,
271 1222 534 1315 Hephaestionis
556 1245 592 1314 p·
614 1221 676 1290 20.
699 1221 859 1320 σημασέα
881 1229 919 1296 οἱ
944 1216 1070 1320 χρόνοι
1092 1217 1194 1319 παρα
1214 1231 1291 1306 τοῖς
1314 1251 1387 1317 μι-

272 1331 408 1419 τριιιοῑς
422 1324 639 1410 καλοῦνται,
664 1327 776 1418 potius
798 1326 1004 1395 notationem
1026 1327 1188 1418 temporis
1208 1327 1385 1420 significat.

271 1429 323 1497 lta
337 1427 551 1499 Aristoxenus
572 1427 614 1496 fr
633 1427 686 1496 rh.
707 1452 743 1520 p.
769 1427 857 1502 302.
887 1452 945 1519 qur
934 1430 1060 1498 'locus
1085 1431 1132 1499 ita
1151 1429 1390 1522 corrigendnsc

271 1531 345 1606 coir
363 1531 401 1604 δέ
418 1530 539 1603 ποδοῖν
558 1524 740 1621 ἐλάχιστοι
756 1532 876 1624 μέν
841 1559 932 1606 εισιν
952 1538 989 1605 οἱ
1009 1537 1048 1606 έν
1064 1561 1115 1630 τῳ
1109 1527 1297 1660 σρισήμρι
1312 1550 1387 1626 pre-4

271 1635 392 1753 γέθει·
418 1631 464 1705 ια’
481 1659 551 1729 γαρ
569 1633 720 1730 θίσημον
734 1636 890 1728 μέγεθος
903 1631 1123 1715 παντελές
1098 1663 1144 1708 αν
1160 1637 1237 1726 ἔχοι
1250 1629 1386 1733 ιιυιινήν
1527 1645 1528 1684 ³

271 1727 340 1851 αρν
362 1741 562 1832 σημασιΜαν
589 1735 834 1828 νέννονσαιδέ
856 1736 1023 1830 ιαμβιιιοι
1037 1763 1161 1818 ουτοι
1189 1743 1226 1810 ci
1243 1765 1282 1811 εν
1297 1762 1385 1830 τρι

219 1901 229 1922 .
271 1863 373 1934 σημρι
401 1837 563 1930 μεγέθει.
620 1837 878 1929 Comparandns
903 1862 982 1909 curn
1008 1839 1060 1909 his
1091 1839 1286 1910 scholiastes
1308 1839 1385 1908 He-
1528 1913 1529 1924 ρ

270 1938 496 2033 phaestianis,
530 1939 589 2029 qui
613 1963 649 2033 p.
678 1939 740 2014 81.
773 1941 819 2010 de
847 1942 970 2012 eodem
997 1942 1092 2034 pede
1117 1942 1320 2035 pyrrhichio
1338 1944 1387 2012 ita

271 2043 404 2114 scribit:
436 2040 543 2124 crisos
566 2042 605 2116 di
626 2038 722 2116 κατα
742 2037 853 2122 πόδα,
862 2045 932 2138 μὲν
955 2040 998 2118 σύ
1021 2045 1213 2140 βαίνεται,
1255 2040 1317 2120 choi
1337 2039 1385 2120 sd

270 2140 500 2220 ιιασιέσσκνον
525 2143 694 2239 γίνεσθαι
724 2173 792 2245 νην
815 2141 943 2241 βάσιν,
984 2148 1044 2222 sci
1074 2155 1301 2242 συγχεῖσθαι
1315 2141 1387 2245 τήν

271 2251 456 2346 αἴσθησιν.
506 2248 581 2318 Ισιιι
604 2270 691 2337 qnae
714 2249 820 2317 sint’
802 2249 1029 2350 soaerxvqroi
1049 2257 1240 2351 σημασίαι,
1266 2248 1387 2320 decla-

270 2352 392 2420 rabunt
413 2349 501 2421 haec
525 2351 720 2437 Quintiliani
736 2355 841 2422 verba
866 2352 926 2422 lx.
949 2353 987 2440 4,
1009 2350 1072 2428 51.
1109 2355 1232 2424 ἰσσιιία
1251 2375 1386 2447 quoqne

270 2463 435 2548 tempora
462 2454 620 2546 rhythmi
634 2453 789 2548 facilius
820 2457 1012 2550 accipient:
1044 2469 1259 2552 quamquam
1293 2456 1385 2526 hoec

271 2559 344 2626 et'
331 2581 368 2626 m
397 2559 519 2626 metris
544 2557 730 2626 accidunt:
758 2560 877 2628 maier
901 2568 1020 2628 tamen
1050 2561 1124 2629 illic
1148 2561 1290 2628 licentia
1322 2565 1386 2644 est,

270 2657 332 2728 uhi
356 2666 523 2752 ‚tenrpcrc
548 2659 656 2728 etiam
682 2661 800 2730 animo
825 2659 1023 2744 metiuntur,
1049 2668 1084 2728 et
1102 2659 1240 2752 pedum
1266 2668 1300 2730 et
1325 2661 1387 2730 di-
1469 2667 1475 2682 ’

270 2761 430 2855 gitcrsm
460 2761 533 2830 ictu
557 2763 749 2833 intervallo
777 2765 925 2858 signant
949 2761 1160 2856 quibusdam
1184 2764 1291 2849 notis,
1324 2771 1383 2835 at-

271 2887 341 2958 que
373 2864 581 2951 σοιθιιεαια,
621 2866 717 2960 qued
748 2865 871 2936 breves
909 2866 1000 2936 illud
1038 2867 1193 2958 spclirrm
1229 2865 1401 2936 habente·

257 2967 356 3037 «inde
380 2960 624 3064 τεσροῖσημοι,
656 2963 900 3065 πεννέσημοι,
937 2975 971 3036 et
1003 2967 1170 3062 deinceps
1204 2969 1384 3064 longiores

230 3069 363 3180 fiunt
381 3072 644 3192 percussiones:
668 3094 754 3140 nam
778 3075 928 3166 σημεῖον
953 3077 1091 3164 tempus
1116 3080 1168 3142 est
1192 3095 1309 3142 ανεαιιε.
1342 3074 1384 3144 Ιιι

268 3183 362 3242 muta
392 3175 480 3242 eninr
507 3175 661 3245 trochaei
688 3173 828 3244 sementi
852 3173 1009 3243 tarditate
1036 3199 1105 3244 non
1135 3185 1228 3248 recte
1255 3185 1385 3246 servata

268 3299 425 3346 mensura
439 3278 571 3363 fnisset,
596 3279 658 3346 nisr
646 3276 805 3368 perium
820 3275 1069 3370 digitorumve
1059 3288 1128 3348 actu
1142 3289 1298 3371 ternpore
1318 3301 1385 3349 no-

268 3389 400 3450 tassent
451 3381 524 3452 lam
537 3402 617 3450 vero
631 3379 773 3469 intelligi
785 3382 922 3468 peterit,
949 3403 1009 3450 cnr
1027 3381 1087 3450 illa
1101 3380 1225 3468 addat,
1250 3386 1384 3455 διπλα-

251 3478 401 3571 ,σισὶζων
422 3511 487 3564 σας
502 3485 641 3572 θέσεις,
665 3503 753 3570 quae
775 3481 855 3550 alias
875 3491 911 3550 et
931 3481 1026 3570 quod
1039 3479 1288 3571 διπλασιάζων,
1315 3506 1385 3554 non

269 3581 607 3706 νειραιιλασιέζων,
634 3594 668 3656 et
688 3577 848 3674 qnod
799 3613 865 3666 τας
881 3586 1022 3666 θέσεις,
1047 3608 1116 3656 ncn
1126 3581 1192 3667 ade
1207 3616 1249 3661 τε
1263 3589 1385 3668 θέσεις

269 3717 331 3762 ιιαι
363 3683 429 3769 τοῖς
450 3688 572 3786 ἄρσεις
596 3688 734 3773 dixerit,
771 3689 856 3758 mira
873 3689 1048 3760 videantur
1067 3713 1202 3760 necesse
1228 3700 1286 3760 est
1337 3689 1385 3760 Et

272 3814 477 3880 quamquam
515 3785 832 3884 τινραπλασισῖζσιν
840 3845 855 3882 ,
901 3816 1008 3882 quum
1045 3793 1083 3862 id
1116 3793 1241 3861 librarii
1282 3769 1384 3862 etiarn

273 3889 499 3981 δσλασιέζων
523 3894 686 3977 scribant,
717 3892 821 3964 facile
835 3897 961 3965 restitui
977 3896 1098 3985 possit,
1123 3905 1235 3964 tamer
1249 3898 1384 3968 droia-

224 3988 422 4086 19σιέζων,
462 4007 500 4064 ut
530 3994 624 4085 quod
655 4018 804 4065 caussam
830 3998 1014 4081 contineat,
1047 4019 1152 4085 quare
1176 4024 1242 4078 τας
1262 3996 1385 4090 ἄρσεις

271 4099 433 4184 omiserit,
466 4099 650 4192 genuinum
679 4115 755 4168 esse·
777 4109 871 4188 puto.
922 4099 1003 4169 Hoc
1026 4101 1114 4169 enim
1136 4099 1224 4183 vult,
1254 4099 1383 4190 pedem

178 4193 185 4210 ³
271 4201 369 4270 istum
397 4212 541 4295 propter
565 4225 726 4293 magnam
755 4202 824 4270 eins
853 4202 1044 4273 tarditatem
1070 4205 1118 4272 ita
1138 4203 1302 4294 proferri,
1335 4211 1384 4286 nt,
1471 4205 1475 4221 “

271 4327 341 4396 quc
365 4327 519 4378 mensura
542 4305 613 4378 cius¹
630 4314 723 4380 recte
744 4303 990 4400 comprehendi
1011 4307 1247 4395 observarique
1267 4305 1384 4398 possit,
