3078 5026
250 328 316 394 1oe
377 324 429 388 DE
448 323 708 388 mfflotoott
725 309 964 385 GRAECORVM
983 315 1257 395 ANTIQVISSlblA

121 477 124 502 ’
250 497 405 571 diationis
417 497 576 568 uarietate
589 505 692 588 atque
708 504 828 566 ornatu
846 493 890 564 ad
902 493 1046 588 Homeri
1061 491 1271 580 aliorumque
1288 489 1363 560 ola·

249 623 366 671 rorum
384 610 562 693 poetarum
585 602 711 692 scripta
732 597 924 691 comparari
951 604 1078 689 potest,
1117 604 1229 664 tumen
1259 593 1379 688 aliam·

250 727 393 795 eamque
408 703 454 772 ita
468 704 643 796 propriam
658 701 984 776 commendationem
996 697 1117 783 babet,
1142 707 1180 768 ut
1193 720 1235 766 ea
1246 717 1363 768 mussa

251 808 353 876 etiam
381 805 634 876 anteferendum
663 805 730 874 illis
760 803 926 897 poematis
953 825 1024 873 esse
1051 801 1214 872 videatur.
1271 799 1362 896 Dico

251 919 364 979 autem
395 932 464 978 non
495 909 705 978 reconditum
737 907 901 998 quiddam
933 915 968 976 et
991 905 1195 993 abstrusum,
1228 902 1362 989 sed-id,

253 1011 349 1104 quod
382 1033 489 1102 quum
526 1011 628 1081 cuiuis
658 1011 807 1103 primunr
844 1010 880 1079 iu
912 1019 1060 1078 mentem
1084 1007 1199 1076 venire
1228 1005 1362 1092 debeat,

251 1123 434 1206 propterea
458 1113 653 1205 neglectum
680 1124 747 1200 est,
787 1112 867 1204 quia
899 1133 1021 1203 parum
1047 1109 1256 1180 fructuosum
1286 1109 1363 1178 foro

252 1219 443 1309 putabatur.
493 1217 582 1286 Nam
607 1217 771 1305 quianon
800 1215 1033 1300 antemnis,
1074 1211 1164 1282 unda
1193 1213 1365 1306 aooeperit

252 1319 422 1390 Hesiodus
449 1305 651 1388 narrationes
679 1319 752 1388 illas
775 1318 820 1388 de
841 1319 1025 1410 originibus
1045 1315 1207 1400 deorum,
1240 1325 1364 1405 etqua

252 1423 391 1508 ratione,
416 1415 529 1512 quove
545 1422 686 1492 oonsilio
700 1422 745 1491 de
764 1421 803 1490 iis
816 1420 1015 1512 exposuerit,
1040 1418 1268 1509 quaerendum
1282 1442 1361 1490 een·

108 1513 115 1526 ’
253 1525 347 1596 seat?
371 1525 419 1595 At
432 1526 519 1593 enim
533 1524 628 1615 quod
644 1525 691 1601 ari
704 1525 814 1598 fontes
827 1523 957 1608 attinet,
984 1545 1025 1592 ex
1040 1522 1167 1611 quibus
1174 1521 1286 1590 bausit
1295 1521 1366 1606 ille,

251 1650 357 1718 quum
377 1628 530 1721 plerique
557 1626 647 1698 hano
669 1627 896 1718 quaestionem
917 1647 985 1696 non
1004 1625 1178 1718 propriam
1202 1623 1367 1696 Hesiodei

253 1728 424 1814 carminis,
449 1727 510 1800 sed
532 1751 746 1800 oommuuem
767 1731 937 1798 universae
959 1729 1170 1798 Graecorum
1190 1727 1366 1818 mytholo-

253 1833 334 1924 giae
351 1853 422 1902 esse
441 1832 674 1927 opinarentur,
698 1834 908 1901 seiunxerunt
929 1855 1004 1900 eam
1024 1832 1069 1899 ab
1093 1831 1367 1922 interpretatione

150 1993 152 2000 .
213 1933 219 1940 ‘
251 1932 488 2026 Theogoniaa.
541 1935 620 2020 Quo
645 1935 863 2022 factumest,
896 1943 934 2002 ut
952 1935 1095 2002 alterum
1121 1932 1209 2002 illud
1231 1935 1366 2004 inresti-

130 2061 139 2068 ·
255 2059 358 2130 gare,
390 2037 565 2130 quomodo
583 2060 639 2108 eas
651 2061 712 2116 ,res
730 2047 894 2106 narrasset
910 2037 1097 2122 Hesiodus,
1122 2059 1367 2128 supervacuum

254 2139 411 2232 putarint
461 2139 520 2209 Ad
539 2140 647 2232 ipsam
660 2161 741 2210 vero
759 2131 995 2232 mythologia'a
1016 2139 1227 2211 Graecorum
1247 2141 1367 2233 expla-
1525 2207 1526 2226 ,

236 2244 425 2312 ‘nationem
450 2264 555 2333 quum
579 2243 708 2336 duplex
726 2244 780 2313 ria
803 2252 936 2336 pateat,
976 2265 1052 2312 earu
1076 2242 1231 2334 plerique
1252 2265 1368 2314 omnes
1503 2283 1526 2312 ιι

255 2345 395 2440 ingressi
422 2355 516 2432 sunt,
548 2353 604 2434 ut,
643 2346 803 2438 quoniam
823 2369 864 2415 ex
886 2345 1020 2414 orientis
1043 2347 1239 2438 regionibus
1261 2347 1369 2418 omnis

255 2448 317 2518 isia
338 2446 490 2524 doctriua
508 2448 659 2520 derivata
678 2441 744 2533 ost,
769 2448 936 2539 quidquid
953 2448 1192 2535 deludorum,
1218 2449 1370 2520 Phoeni·

256 2573 356 2638 eum,
380 2551 645 2642 Aegyptiorum,
677 2552 884 2642 aliarumque
905 2553 1057 2644 gentium
1087 2553 1249 2642 sapientia
1272 2576 1369 2624 eom-

254 2662 390 2745 pertum
408 2651 591 2737 habemus,
615 2653 661 2722 ad
675 2655 825 2726 Graecas
846 2655 979 2724 fabulas
997 2656 1218 2746 applicarent
1269 2656 1371 2728 Vnde

256 2763 380 2844 quauta
396 2756 604 2843 perturbatio
628 2765 702 2826 orta
722 2757 762 2825 sit
782 2755 1033 2850 mythologiae,
1059 2768 1249 2849 quantaque
1273 2760 1372 2830 disu-

256 2857 471 2927 millimarum
504 2880 615 2925 rerum
644 2859 824 2949 permixtio
851 2871 953 2952 atque
980 2861 1150 2946 conlusio,
1187 2863 1264 2930 satis
1284 2863 1372 2934 iuter

257 2963 373 3029 omues
390 2966 528 3028 consor.
580 2959 694 3031 Multo
718 2963 857 3049 rectior,
882 2974 919 3033 ut
932 2961 1017 3032 mihi
1032 2964 1173 3048 videtur,
1198 2964 1370 3040 altera'uia

258 3071 326 3147 est,
352 3082 440 3152 quae
453 3071 601 3134 versatur
614 3065 648 3132 iu
664 3087 725 3148 eo,
751 3075 787 3134 ut
810 3066 968 3152 exclusis,
993 3090 1080 3157 quae
1099 3067 1143 3134 ab
1164 3066 1236 3136 aliis
1257 3069 1371 3160 genti-

256 3166 320 3235 bus
347 3166 494 3257 probata
514 3165 665 3254 luerunt,
691 3169 766 3254 illa,
791 3170 906 3259 quoad
928 3170 1002 3238 lieri
1026 3179 1156 3262 potest,
1187 3191 1372 3263 peraequa-

219 3287 222 3292 ·
259 3289 352 3352 ιιιιιι,
393 3290 480 3355 quae
503 3292 524 3336 a
547 3270 685 3341 Graecis
707 3272 787 3362 ipsis
806 3283 880 3341 sunt
899 3272 1030 3342 tradita
1084 3275 1238 3358 Quorum
1261 3297 1372 3363 -quum

169 3430 173 3440 .
233 3369 346 3439 anihil
366 3367 569 3458 habeamus,
594 3374 688 3463 quod
709 3375 862 3444 Homero
885 3376 1108 3466 Hesiorloque
1132 3377 1297 3467 antiquius
1319 3381 1372 3466 slt,

257 3473 302 3543 ab
322 3473 377 3544 lris
404 3475 512 3546 omnis
532 3475 595 3546 ista
617 3475 780 3548 ordienda
803 3478 933 3550 videtur
957 3478 1157 3572 disputatio,
1186 3483 1373 3576 praecipue

258 3867 322 3938 τοῖς
357 3858 456 3950 λα’μοις
490 3859 651 3975 ἀρχόμενος
683 3865 740 3950 μὲν
772 3873 827 3951 τῆς
862 3874 1047 3954 συγγραφῆς,
1086 3863 1231 3952 maitiae
1266 3870 1375 3954 ἔνεμον

258 3946 370 4026 ultor,
399 3949 431 4024 t,-
452 3947 486 4014 δὲ
504 3949 542 4016 roi
564 3948 718 4038 Αρκᾶδαν
736 3953 968 4038 προεληλυθώς,
996 3947 1147 4034 πρόνοιαν
1172 3955 1242 4040 περὶ
1272 3954 1374 4022 αὐτοῖν

258 4025 381 4098 τοιάνδε
410 4032 594 4119 ἐλάμβανον·
647 4034 807 4121 Ἑλλήνων
842 4037 913 4116 τούς
939 4039 1154 4122 νομιζομένους
1182 4039 1300 4122 σοφοιλς
1335 4037 1375 4108 δι’

141 4137 145 4152 ’
260 4113 445 4202 αἰνιγμάτων
473 4118 584 4202 πάλαι,
630 4123 683 4188 nol
710 4118 810 4190 οὐκέτ’
839 4126 874 4190 ἐκ
899 4130 954 4190 τοῦ
983 4119 1091 4202 εὐθέος
1118 4125 1214 4210 λέγειν
1233 4125 1306 4204 rotie
1325 4123 1375 4192 λα’-

258 4225 350 4286 μους,ι
384 4203 436 4270 καλ
463 4201 500 4269 roi
526 4206 668 4294 εἰρημένα
697 4202 754 4276 οὖν
780 4211 811 4288 ἐς
837 4207 891 4278 τόν
921 4205 1042 4296 Κρόνον
1069 4213 1185 4294 σοφίαν
1206 4208 1285 4280 εἶναι
1304 4235 1374 4277 τινα

259 4275 377 4365 ιλααζον
395 4285 553 4372 Ἑλλήνων.
