3058 5046
129 1375 475 1510 annsvna
543 1372 795 1466 novun
864 1309 1257 1465 nnrrronrs

220 1544 576 1635 rnnsnvar
636 1543 1199 1664 STEPHANIANI*).t

589 1853 798 1872 ——111-——1-0

142 2083 259 2217 Quae
285 2145 413 2216 magno
440 2145 517 2194 cnm
539 2123 657 2192 favore
680 2124 860 2193 domorum
888 2123 1065 2193 hominnm
1087 2123 1121 2191 in
1143 2125 1283 2197 luceml

141 2227 247 2294 emitti
266 2237 391 2318 coepta
411 2237 459 2294 est
484 2215 590 2294 ¹editio
606 2225 776 2296 Thesauri
797 2227 952 2296 Graecae
973 2228 1128 2318 Linguae
1153 2227 1197 2294 ab
1213 2226 1260 2293 H.

141 2328 319 2419 Stephano
344 2329 486 2417 conditi,
521 2330 590 2398 eius
607 2352 716 2420 nuper
737 2331 765 2397 is
788 2329 832 2396 ad
846 2353 906 2396 nos
921 2329 1071 2419 perlatus
1090 2337 1138 2396 est
1158 2329 1261 2396 fasci-

142 2431 256 2514 c'ulus,
290 2434 349 2520 qui
378 2454 517 2499 numero
545 2435 677 2516 tertiae,
713 2455 751 2498 re
779 2431 926 2520 primm,
966 2440 1000 2499 et
1032 2439 1160 2498 tantum
1193 2453 1262 2498 non

142 2535 257 2624 ipsum
289 2534 556 2626 praestantissimi
586 2535 698 2625 operis
712 2523 852 2601 initium
883 2542 942 2602 est
999 2533 1053 2602 De
1077 2551 1146 2621 qno
1172 2533 1261 2600 libro

141 2659 249 2727 quum
267 2659 288 2704 a
307 2638 405 2706 nobis
420 2646 615 2728 posceretur
636 2648 673 2706 nt
695 2637 888 2706 sententiam
909 2645 1057 2704 nostram
1081 2659 1263 2728 exprome-

139 2737 271 2824 remus',
298 2740 359 2808 etsi
378 2741 566 2811 sciebamus
585 2764 654 2809 non
677 2763 806 2832 pancas
825 2740 881 2808 vel
902 2739 995 2832 apud
1018 2749 1180 2826 notrateS,
1197 2739 1263 2812 'vel

141 2843 237 2936 apud
260 2853 390 2912 exteras
416 2867 504 2932 esse,
546 2846 662 2933 quiet
685 2845 818 2936 plenius
833 2840 949 2913 ‘essent
969 2853 1003 2912 et
1026 2845 1147 2914 rectius
1170 2843 1262 2914 hanc
1363 2865 1370 2883 ·

140 2945 349 3038 provinciam
370 2947 645 3033 administraturi,
672 2956 785 3016 tamen
809 2970 877 3016 non
894 2948 1173 3017 committendum
1192 2969 1262 3038 pu·
1344 2943 1346 2948 Χ

142 3051 301 3136 tavirnns,
327 3059 365 3119 ut
381 3051 600 3121 detrectando
615 3051 686 3121 hoc
701 3051 841 3144 negotio
858 3070 983 3142 parurn
1004 3051 1147 3119 officiosi
1162 3049 1261 3118 vide-

141 3173 265 3219 remur.
315 3153 530 3238 Accedebat,
556 3154 651 3243 qnod
675 3157 841 3222 neminem
861 3161 930 3220 tam
951 3151 1104 3240 iniquum
1118 3152 1193 3220 fore
1208 3153 1262 3220 irr-
1299 3169 1301 3176 ’

140 3253 398 3346 telligebamus,
424 3256 535 3344 quiin
556 3256 617 3323 tali
629 3254 717 3323 libro
734 3255 936 3339 iudicando,
962 3255 1070 3343 qualis
1090 3254 1149 3325 hic
1161 3255 1262 3325 The·
1299 3293 1301 3298 ·

141 3379 258 3426 saurus
274 3367 344 3443 est,
371 3368 428 3426 ant
442 3357 608 3427 exhauriri
623 3359 751 3444 omnia,
781 3358 950 3426 autetiam
964 3353 1263 3450 pleraqueattingi

141 3459 264 3546 vellet,
295 3484 360 3532 nec
384 3463 461 3530 satis
483 3461 645 3547 haberet,
680 3464 716 3530 in
743 3461 932 3530 universum
960 3462 1043 3550 quid
1064 3461 1263 3551 praestitum

141 3563 203 3647 sit,
229 3573 320 3632 recte
337 3563 375 3634 'et
397 3564 606 3647 considerate
624 3564 700 3635 diei.
752 3566 816 3633 Est
836 3573 948 3631 autern
967 3587 1010 3630 ne
1031 3563 1102 3632 hoe
1122 3563 1260 3651 quidem

141 3667 323 3758 perfacile,
358 3669 517 3757 quoniam
538 3691 649 3757 neque
672 3667 715 3734 de
738 3667 896 3750 consilio,
936 3665 1005 3756 quc
1026 3674 1154 3733 tantum
1176 3685 1262 3755 opus

114 3795 117 3799 ·
141 3779 334 3860 susceptum
352 3780 418 3857 est,
443 3771 673 3839 idem'omnes
692 3769 813 3838 sentire
823 3769 1006 3838 -ven'simile
1021 3777 1088 3854 est,
1115 3779 1149 3837 el
1165 3770 1262 3866 ratic,

141 3895 211 3960 qua
235 3874 338 3941 condi
368 3874 510 3958 debeat,
544 3895 612 3943 non
636 3873 743 3941 modo
771 3872 964 3940 hominibus
987 3872 1058 3938 aliis
1082 3871 1164 3957 alia,
1201 3872 1264 3956 sed

143 3974 245 4042 etiam
267 3978 423 4067 gentibus
436 3978 577 4071 probari
588 3977 730 4048 videtur.
781 3976 912 4062 Quibus
936 3975 1089 4070 amnibus
1103 3976 1263 4044 sententia

139 4245 331 4396 Xiffdita
362 4257 408 4310 est
437 4268 465 4310 a.
497 4252 593 4317 1818.
635 4247 763 4309 Londini
793 4246 825 4307 in
848 4246 942 4308 Diarii
972 4246 1090 4310 classici
1117 4243 1262 4308 fasciculo
