3120 5030
274 1175 359 1266 oa
396 1175 646 1268 naomvs
686 1146 1039 1285 Qvfflvsnlm
1084 1165 1419 1260 svenne·

275 1327 448 1418 amus
487 1327 778 1421 sunnonis
822 1323 1114 1428 notamur
1155 1321 1384 1411 nosna-

270 1487 274 1494 ·
536 1475 726 1570 ramo
767 1475 1045 1572 sncvmm
1072 1473 1127 1594 *).

732 1791 938 1813 ...μ-

250 2003 374 2117 aNon
404 2042 519 2136 inepte
551 2044 636 2117 mihi
658 2046 791 2116 videtur
814 2038 1049 2126 menenius,
1083 2061 1193 2130 quum
1211 2038 1256 2108 de
1274 2041 1385 2110 modis

130 2181 132 2189 v
275 2144 472 2234 verborum,
505 2150 564 2238 qui
588 2150 796 2241 temporibus
815 2144 1000 2216 indicandis
1022 2143 1114 2235 opud
1131 2143 1320 2212 Homerum
1334 2145 1387 2212 in—
1532 2169 1533 2172 ¹

274 2248 431 2334 serviunt,
459 2251 646 2338 dissereret,
672 2273 821 2322 seorsum
843 2260 1000 2318 tractaaee
1022 2269 1079 2318 eos
1097 2246 1208 2332 locos,
1234 2248 1387 2336 quisunt

274 2349 309 2416 in
329 2355 648 2444 comparationibus3
680 2377 749 2424 non
770 2353 863 2443 quod
887 2352 1009 2421 harum
1030 2349 1097 2420 ulia
1116 2349 1176 2434 sit,
1208 2367 1311 2437 quarn
1330 2373 1385 2418 re·
1533 2361 1534 2366 ’

275 2450 390 2541 liquae
413 2458 585 2544 orationis,
619 2459 723 2527 ratio:
760 2479 839 2526 nam
868 2456 926 2545 qui
951 2454 1021 2523 hoc
1042 2451 1117 2520 fieri
1148 2452 1287 2542 posset?
1326 2453 1387 2524 sed

273 2555 369 2643 quod
390 2562 540 2646 quaestio
565 2561 641 2646 illa,
667 2549 713 2629 ud
733 2581 855 2642 unmn,
881 2557 986 2644 idque
1000 2554 1096 2622 haud
1117 2554 1267 2644 amplum
1281 2577 1388 2646 genus

274 2668 451 2747 revocata,
483 2661 591 2729 multo
612 2663 720 2730 minus
742 2658 871 2728 habere
895 2657 1101 2726 difficultatis
1122 2667 1250 2748 potest,
1285 2681 1388 2746 quarn
1534 2661 1535 2666 ’

276 2758 303 2825 si
324 2781 388 2849 per
409 2761 604 2830 immensam
621 2761 784 2854 loquendi
800 2762 984 2830 formarum
1001 2760 1193 2830 varietatem
1215 2758 1388 2830 diliimda-

274 2870 356 2928 tur.¹
398 2863 476 2932 Non
498 2874 591 2953 recte
616 2875 746 2949 tamen,
781 2865 933 2933 universa
954 2872 1168 2947 tractaturus,
1202 2862 1352 2932 ordiam
1368 2889 1389 2932 a

274 2963 335 3031 tali
357 2963 472 3054 aliquo
500 2989 645 3059 genere:
684 2967 841 3058 quoniam
865 2966 902 3035 in
928 2976 1027 3058 parte
1058 2965 1171 3054 aliqua
1200 2967 1391 3036 consistenti

231 3157 233 3163 ,
274 3067 458 3157 proclivior
478 3070 522 3136 ad
543 3092 689 3140 errorem
713 3070 767 3138 via
786 3079 850 3156 est,
883 3092 986 3158 quam
1007 3069 1175 3152 universa,
1208 3079 1389 3157 quantum-

275 3169 323 3238 vis
351 3171 443 3238 varia
470 3182 503 3242 et
539 3173 730 3260 dissimilia,
773 3172 1004 3243 consideranti.
1060 3169 1175 3255 Quare
1205 3193 1310 3260 quum
1343 3173 1388 3244 de

276 3271 457 3342 modorum
475 3297 535 3344 nso
559 3276 652 3369 apud
673 3277 862 3346 Homerum
887 3275 1048 3344 disserere
1064 3273 1288 3360 instituerem,
1314 3299 1384 3344 ma-

276 3374 343 3460 lui,
380 3377 573 3467 priusquam
602 3379 647 3448 dc
673 3379 976 3468 comparationibus
1000 3376 1165 3460 dicerem,
1202 3378 1387 3447 universam

274 3477 366 3546 istius
388 3479 438 3572 rei
460 3483 624 3550 rationem
642 3479 849 3567 describere,
881 3502 984 3568 quam
1008 3478 1052 3547 ab
1073 3478 1127 3546 his
1160 3478 1254 3549 initio
1283 3481 1388 3567 facto,

277 3581 338 3648 etsi
360 3583 397 3649 id
423 3584 567 3654 maxime
587 3585 803 3676 perspicuum
824 3581 1017 3674 exemplum
1043 3604 1114 3652 esse
1145 3580 1388 3675 intelligebam,

276 3681 322 3749 ad
339 3685 469 3775 relique
486 3687 743 3777 explicationem
758 3687 946 3754 transferre.
996 3683 1070 3752 Etsi
1085 3693 1196 3752 autem
1218 3695 1308 3754 totns
1329 3687 1388 3756 hic

278 3784 396 3870 locus,
419 3790 479 3876 qui
507 3799 556 3858 est
577 3789 622 3858 de
645 3789 967 3880 comparationibus,
1001 3785 1103 3856 facile
1134 3795 1246 3876 potest
1278 3811 1319 3858 ex
1350 3791 1389 3858 iis

278 3886 423 3983 intelligi
443 3891 669 3981 iudicarique,
694 3914 781 3980 quae
806 3893 875 3958 iam
896 3898 971 3958 sunt
991 3889 1142 3958 universe
1164 3889 1209 3958 de
1231 3914 1291 3958 usn
1312 3915 1390 3960 mo-

279 3989 401 4060 dorum
431 3993 540 4082 dicta,
571 4004 686 4063 tamen
711 3993 817 4063 habet
834 3993 894 4063 ille
919 3991 1020 4062 etiam
1050 3993 1191 4084 propria
1210 3995 1391 4084 quaedam,

279 4177 480 4195 m

259 4387 264 4407 κ
320 4287 347 4378 *)
370 4292 458 4355 Edita
480 4302 526 4354 eut
546 4316 572 4356 a.
596 4299 688 4362 1813.
