3120 5030
244 308 296 392 'ro
605 323 664 386 nn
688 311 1012 388 rnevnenrrs.

253 492 392 587 schylo,
421 491 618 588 Sophocle,
642 495 826 590 Euripide,
853 496 1012 566 'Isocrate
1034 495 1191 588 exemplu
1218 515 1368 588 ιιοῐιςννη
1407 562 1410 570 .

252 599 302 668 sit
352 600 420 667 Per
440 621 497 666 me
519 598 600 669 licet
620 608 760 670 centem
780 599 886 669 uddut
905 599 988 683 ulie,
1013 598 1070 668 vel
1092 599 1249 689 milleno,
1275 599 1365 666 siee

252 723 320 770 non
336 701 399 770 sint
418 723 460 769 ex
477 701 581 791 epicis
595 702 713 793 petite.
765 703 910 772 Alterius
935 701 1066 794 generis
1083 701 1145 770 illu
1165 710 1250 786 sunt,
1276 721 1366 791 quae

251 803 397 888 idcirco,
444 804 540 893 qnod
564 803 659 894 apud
687 813 817 878 veteres
844 827 921 874 raro
944 805 1211 890 inveniebantur,
1244 825 1366 873 recen-

251 907 389 976 tioribus
411 907 624 997 temporibus
640 916 679 976 nt
698 908 858 996 exquisite
875 907 1080 997 frequentari
1098 914 1301 998 coeperunt,
1327 914 1367 974 ut

254 1002 499 1105 περιμήκετον.
556 1009 630 1077 lem
660 1010 733 1099 quis
755 1009 912 1103 negabit,
945 1011 1042 1093 telio,
1074 1007 1196 1098 siquis
1221 1009 1367 1098 scriptor

255 1113 376 1182 crebro
400 1112 438 1178 iis
462 1133 539 1179 usus
560 1113 617 1196 sit,
649 1135 691 1180 eo
711 1114 823 1203 potius
843 1113 973 1196 velere,
1007 1121 1046 1180 ιιι
1068 1133 1147 1180 eum
1167 1112 1367 1202 scriptorem

254 1224 440 1298 recentem,
474 1237 577 1304 quem
603 1224 641 1285 nt
664 1216 836 1306 antiquum
865 1238 936 1286 esse
960 1213 1167 1283 statuemus?
1213 1213 1265 1281 lte
1292 1212 1367 1302 quis

255 1316 464 1408 Appuleium
498 1316 597 1386 Ennii
635 1319 813 1408 Plautique
842 1319 1019 1407 aequalem
1051 1317 1151 1386 fuisse
1174 1315 1366 1400 contendet,

254 1419 350 1508 quod
377 1419 524 1509 plurima
548 1420 583 1487 in
611 1420 682 1488 eins
702 1422 833 1512 scriptis
854 1421 1080 1512 reperientur,
1106 1442 1195 1510 quoe
1223 1439 1264 1486 ex
1283 1418 1368 1486 isto·

259 1544 336 1590 rum
359 1530 550 1613 temporum
570 1545 723 1593 sermone
744 1523 950 1615 deprompto
975 1523 1075 1592 sunt?
1099 1523 1209 1591 lrnmo
1238 1543 1280 1591 ex
1298 1517 1368 1590 hoc

254 1626 329 1716 ipse
359 1647 396 1692 re
417 1627 524 1692 multo
545 1635 625 1715 post
656 1627 733 1696 illos
764 1649 849 1696 eum»
864 1628 982 1695 vixisse
1008 1626 1243 1718 colligendum
1270 1630 1366 1692 esset.

255 1728 375 1816 ltaque
403 1749 473 1795 non
502 1728 675 1796 mirabitur
710 1731 793 1813 iem,
828 1730 967 1820 opinor,
1000 1729 1307 1820 Koenigsmnnnns,
1340 1723 1369 1794 si

255 1830 342 1898 nihil
362 1851 430 1898 esse
451 1830 567 1898 dixero
589 1831 624 1898 in
644 1832 717 1917 his,
761 1853 848 1922 qnae
874 1831 919 1900 de
942 1829 1075 1922 Orphei
1100 1831 1250 1899 oratione
1279 1836 1368 1896 attu-

255 1933 310 2016 lit,
352 1933 446 2021 quod
474 1934 530 2002 vel
551 1934 755 2004 levissimum
780 1943 987 2003 momentum
1016 1934 1062 2003 ed
1096 1930 1369 2004 labefactandum

255 2057 367 2103 meam
394 2036 588 2104 sententiam
613 2037 747 2107 habeut
812 2037 904 2121 Quin
931 2037 1101 2125 quaedem
1129 2037 1188 2106 ille
1218 2032 1368 2126 protulit,

210 2153 350 2227 ltquae
378 2138 476 2206 etism
503 2139 530 2206 si
560 2139 604 2208 ab
632 2141 685 2208 his
714 2140 883 2226 discedes,
923 2139 1112 2230 dequibus
1147 2139 1215 2208 inm
1242 2135 1369 2221 monui,

254 2243 327 2332 ipse
349 2264 413 2333 per
432 2265 468 2310 se
489 2242 575 2310 salsa
599 2251 682 2310 sunt.
734 2243 861 2326 Veluti,
885 2251 923 2311 nt
945 2269 1009 2331 τι,
1033 2242 1092 2326 δὲ,
1117 2236 1187 2337 yolp
1215 2249 1294 2331 post
1315 2261 1369 2306 se-

255 2344 404 2414 cundnm
430 2345 636 2414 vocabulum
660 2347 704 2414 eb
733 2345 875 2435 antiquis
900 2339 1010 2436 posite
1035 2367 1105 2413 esse
1136 2343 1306 2429 ostendet,
1332 2363 1368 2432 p.

255 2447 317 2516 43.
350 2447 411 2516 4⁴6.
453 2448 556 2518 offert
588 2449 704 2540 χαμαὶ
741 2448 943 2543 ἐρχομένων
981 2443 1020 2520 τ’
1058 2440 1281 2542 ἀνθρώπων,
1322 2440 1368 2516 ου’

256 2553 404 2629 πολλαῖς
429 2551 490 2636 δέ,
524 2547 568 2620 οὐ
589 2546 761 2640 Ιδύναμαι
783 2553 843 2638 δέ,
871 2571 958 2638 qnae
976 2571 1076 2617 nemo
1101 2570 1169 2616 non
1191 2548 1284 2616 videt
1306 2569 1369 2614 ne-

258 2652 401 2722 cessario
428 2651 475 2718 sic
499 2649 586 2732 dici,
612 2649 691 2738 quin
718 2650 786 2717 dno
813 2653 875 2718 ista
896 2652 1065 2738 voqebuln
1093 2673 1158 2742 pro
1186 2673 1254 2719 nno
1284 2659 1370 2735 sunt,

256 2753 352 2842 qussi
374 2762 411 2819 tu
437 2753 529 2822 dicas
552 2754 817 2842 χαμαιγενέων,
844 2747 1001 2845 ὀλίγαις.
1034 2750 1214 2827 edesseni.
1266 2753 1368 2838 Quin,

257 2854 353 2944 quod
379 2878 467 2946 pene
494 2854 691 2922 incredibile
719 2864 787 2940 est,
831 2878 867 2946 p.
896 2853 957 2924 52.
989 2856 1089 2924 affert
1118 2854 1307 2924 Hesiodum
1334 2856 1371 2924 in

257 2959 396 3048 Theog.
426 2954 512 3024 538.
546 2958 605 3024 nbi
625 2966 674 3024 est
696 2957 750 3050 cpi
765 2955 833 3049 μὲν
856 2952 946 3053 ye'pt
979 2960 1037 3048 qni
1061 2958 1158 3028 locus
1177 2959 1282 3026 movit
1301 2980 1369 3044 me,
1469 3037 1472 3044 ,

257 3071 297 3128 nt
329 3061 372 3128 ab
405 3059 618 3151 inspiciendis
655 3060 806 3149 reliquis,
855 3081 941 3150 qnos
978 3062 1077 3154 large
1111 3084 1214 3130 manu
1246 3060 1370 3147 citavit,

157 3223 161 3230 .
258 3163 495 3247 abstinerem.¹

360 3367 419 3438 Sic
445 3367 547 3460 igitur
574 3367 864 3462 Koenigsmannns
889 3369 1026 3442 evicisse
1061 3393 1097 3438 se
1128 3378 1243 3462 putet,
1300 3365 1371 3438 Or·
1437 3425 1439 3432 2

257 3469 388 3563 phcum
407 3471 593 3562 Apollonio
614 3473 755 3542 Rhodio
777 3474 998 3564 antiquiorem
1013 3495 1095 3546 esse.
1147 3473 1241 3559 Quid
1262 3470 1372 3542 vero?

128 3600 129 3604 ¹
258 3575 463 3644 Nonretiem
483 3575 528 3644 de
550 3574 666 3647 colore
692 3577 792 3646 totins
821 3577 990 3656 carminis3
1033 3599 1103 3645 non
1136 3576 1181 3644 de
1209 3596 1392 3644 numere-¹

257 3699 333 3746 rum
355 3679 638 3762 conformatione,
664 3679 755 3750 unde
775 3703 843 3772 ego
864 3682 1087 3771 praecipuum
1110 3678 1285 3768 quoddam
1304 3697 1370 3770 pro

258 3803 336 3852 mee
350 3781 759 3872 sententiegargnmentnm
778 3785 957 3875 petierem3
985 3803 1053 3850 non
1069 3782 1113 3850 de
1131 3781 1285 3851 insolenti
1307 3781 1371 3859 isto
1433 3802 1436 3807 ‘

260 3879 316 3970 οἵ,
348 3884 442 3970 qnod
473 3881 633 3976 Orpheus
655 3884 816 3976 singulari
840 3907 976 3977 prorsus
1008 3884 1166 3974 exemplo
1193 3892 1371 3974 tantopere

117 4028 126 4046 .
258 3983 497 4073 frequentavit,
532 3986 715 4056 dicendum
741 3996 829 4072 eret,
862 3996 895 4057 et
924 3986 1091 4077 explicato
1112 3985 1250 4074 quidem
1277 3985 1371 4054 inse-

259 4109 345 4176 que‚
370 4110 439 4178 qno
462 4089 607 4156 rationes
631 4089 716 4158 milri
734 4089 939 4179 eriperentur
960 4088 1202 4182 gruvbsimee?
1235 4087 1372 4156 Horum

259 4211 369 4278 neque
391 4215 412 4259 u
435 4190 710 4283 Koenigsmenno
738 4192 923 4282 quidquem
945 4191 1073 4261 fuctum
1104 4200 1172 4276 est,
1203 4213 1315 4279 neque
1349 4213 1372 4258 o

258 4313 430 4382 quoquam
451 4292 529 4361 alio.
581 4293 686 4380 Quod
706 4316 774 4392 ego
800 4318 906 4386 quum
927 4303 1067 4388 reputo,
1090 4315 1182 4388 pene
1204 4292 1371 4379 adducor,
