3030 5048
259 321 326 388 m
366 317 417 380 oc
433 317 471 380 lt.
491 316 684 382 omnmo
701 313 871 394 atstvlt
889 313 1074 380 ElilTIONE
1091 313 1274 378 TERENTII

260 489 370 578 „culo
387 485 482 580 opud
502 485 651 556 Nouium
668 493 703 558 et
716 485 920 558 Prisciauuur
934 485 1129 556 tuebuntur
1143 493 1317 574 nmquam
1335 506 1383 553 cx

259 590 408 692 „Naevii
425 589 571 678 Colace,
597 613 639 660 ea
657 589 726 660 ianr
747 612 789 658 ex
811 590 1043 671 vetustioribus
1065 587 1241 660 codicibus
1261 588 1382 658 Nouio

184 709 187 718 ·
260 694 486 782 „tribuuntur
536 692 629 762 Mira
641 715 723 762 vcro
739 691 866 764 locutio
881 701 943 780 est,
969 713 1045 762 esse
1062 689 1230 761 Colacem
1246 689 1382 775 Naevi,
1447 753 1454 766 ,
1495 703 1496 728 i

260 803 328 884 „et
348 803 507 866 veterem·
520 793 696 889 sobolom
716 795 850 866 Plauti.
901 795 1061 866 Veterem
1081 792 1187 863 modo
1206 791 1382 864 fabulam!
1495 871 1496 876 ι

260 921 335 989 „an
355 897 484 968 nullum
504 899 536 968 ei
556 921 680 969 nomeu
702 897 797 969 erat?
830 907 866 968 et
888 919 949 970 cur
969 899 1125 968 moon
1141 895 1188 966 de
1202 897 1380 982 Plautinis,

260 1024 368 1089 „cum
384 1000 545 1072 Naerioui
566 1010 674 1074 essem
701 1000 769 1070 illis
790 1000 995 1072 veteriores?
1037 999 1211 1090 Denique,
1238 999 1382 1070 siliaco

249 1127 370 1204 ι,,ιιιιι
390 1103 495 1174 lectio
513 1114 578 1195 est,
620 1105 653 1172 iu
678 1127 720 1174 eo
748 1127 817 1196 quo
843 1113 978 1175 accusat
1005 1103 1146 1172 Luscius
1166 1101 1380 1187 Terentium,

261 1207 392 1294 „etiam
413 1217 556 1277 excusat
617 1208 757 1300 Quippe
785 1209 814 1276 si
837 1207 1098 1277 posterioratus
1122 1205 1162 1274 sit
1196 1227 1381 1297 personam

260 1436 384 1499 „suem
398 1436 419 1480 a
432 1413 563 1482 Naevio
585 1412 626 1482 sit
640 1385 777 1482 iuratus.
829 1413 999 1506 Exemplo
1021 1411 1125 1506 igitur
1139 1411 1214 1502 ipso
1237 1433 1381 1480 accusa-

260 1514 337 1610 „tio
360 1515 519 1584 difflatur.
571 1516 609 1586 Si
630 1515 719 1587 haec
742 1517 940 1609 displicent,
976 1515 1022 1584 de
1048 1514 1256 1586 correctione
1277 1515 1376 1606 cogi-

259 1618 433 1704 „tandum
457 1619 528 1688 erit
570 1618 700 1696 ‚Codex
715 1620 824 1689 bonus
846 1617 886 1693 G.
905 1617 944 1689 C.
967 1616 1007 1688 C.
1025 1617 1144 1688 Naevi
1160 1616 1287 1686 Plauti
1308 1618 1384 1687 siue
1496 1625 1497 1634 ’

135 1739 139 1752 '
259 1719 528 1812 „coniunctione
544 1728 589 1796 et.
636 1721 776 1834 Ballou,
801 1745 846 1792 an
870 1722 919 1794 sic
941 1721 1037 1790 dedit
1057 1719 1250 1792 Terentius:

361 1921 385 1964 „
397 1873 563 1944 Colacem
575 1895 651 1944 cose
665 1896 810 1968 nonme,
836 1873 961 1944 Plauti
975 1882 1130 1943 veterem
1143 1869 1337 1966 saltumn:

360 1977 550 2070 ‚,pcrcsiti
564 1998 761 2071 personam
782 1977 866 2047 inde
888 1975 1051 2046 edictam
1071 1983 1106 2045 et
1120 1975 1276 2044 nodosa

259 2127 307 2198 Et
322 2127 422 2199 hoc'
411 2153 446 2198 ιιι
467 2137 560 2200 textu
584 2129 707 2223 posuit.
760 2130 920 2223 captiosa
935 2127 1042 2214 haec,
1075 2128 1137 2198 scd
1160 2126 1262 2195 ualde
1283 2126 1380 2212 infir-

259 2253 317 2300 ma
331 2219 510 2324 disputatio
526 2240 586 2303 est
637 2232 691 2304 lle
708 2234 819 2304 Plauti
840 2234 983 2324 quidem
996 2231 1124 2302 Colace
1147 2229 1255 2302 hodic
1277 2230 1379 2298 ctiam

259 2356 323 2427 per
337 2335 546 2406 Frontonem
566 2345 723 2428 constat,
739 2337 799 2428 qui
819 2338 887 2405 vol.
912 2337 939 2406 l.
961 2360 999 2430 p.
1019 2334 1080 2418 80.
1102 2347 1169 2415 tres
1194 2355 1236 2402 cx
1260 2357 1301 2402 ea
1323 2331 1380 2400 fa-

259 2436 343 2507 bula
362 2462 474 2509 versus
499 2437 607 2509 affert
658 2439 713 2508 De
745 2440 873 2512 Colace
905 2437 1024 2510 Naevii
1053 2446 1166 2526 autem
1195 2435 1292 2527 quod
1322 2434 1379 2518 ait,

238 2542 435 2633 ‘superbius
457 2541 556 2612 sirnul
585 2552 618 2612 et
637 2541 831 2612 incuriosius
852 2542 1111 2635 pronunciatum
1131 2549 1188 2609 est.
1212 2629 1216 2636 Ι
1240 2537 1379 2629 Operae

258 2642 406 2735 pretium
424 2655 514 2716 certe
533 2655 615 2732 erat,
640 2645 1006 2732 nominatimindicare
1021 2653 1169 2734 vetustos
1184 2643 1263 2729 illos
1277 2640 1378 2716 Nonii
1497 2695 1498 2706 ι

258 2746 486 2840 Priscianique
512 2748 667 2836 codices,
707 2771 853 2846 quorum
878 2750 1076 2834 auctoritate
1105 2747 1217 2816 Novio
1249 2769 1292 2815 ea
1323 2744 1379 2812 la-

259 2848 341 2917 bula
370 2849 593 2921 adscribenda
625 2861 721 2934 essct.
783 2855 873 2922 Nam
899 2853 1009 2925 Nonii
1030 2850 1195 2919 editiones
1223 2848 1379 2939 antiquae

259 2950 423 3036 Naevium
449 2952 638 3038 nominant,
671 2955 727 3025 cui
750 2956 849 3024 Novii
880 2977 1003 3046 nomeu
1030 2953 1095 3022 los.
1131 2952 1305 3038 Mercerus
1335 2972 1379 3018 ex

207 3065 210 3071 “
260 3055 452 3127 coniectura
483 3056 749 3126 substituendum
776 3059 911 3128 censuit
980 3058 1079 3139 Nunc
1113 3078 1218 3146 quum
1249 3047 1378 3123 Novius

259 3157 491 3250 Atellanarum
509 3161 654 3253 scn'ptor
675 3161 794 3246 fuerit,
820 3161 912 3244 cuius
927 3159 1065 3230 fabulae
1086 3155 1159 3243 fere
1173 3181 1290 3228 omues
1307 3155 1379 3226 La-

257 3260 327 3328 tina
355 3271 414 3340 aut
445 3261 538 3334 Osca
564 3265 701 3344 uomina
724 3265 870 3350 habent,
912 3271 950 3332 ιιι
984 3264 1028 3348 de
1052 3262 1252 3356 perpaucis,
1284 3283 1379 3351 ,quae

259 3363 402 3436 Graecis
427 3366 616 3435 nominibus
644 3375 737 3458 sunt,
773 3367 1022 3458 quaerendum,
1067 3389 1115 3446 an.
1134 3363 1233 3434 huius
1254 3372 1379 3457 poetae

258 3465 339 3552 siut,
383 3491 455 3538 esse
485 3469 653 3552 videatur;
698 3467 804 3562 quopi
835 3491 946 3564 porro
969 3468 1119 3539 Terentii
1152 3469 1230 3547 libri
1263 3489 1379 3536 omncs

260 3576 378 3663 aperte
398 3572 517 3642 Naevii
536 3572 697 3642 Colacem
719 3575 879 3652 exstitisse
900 3580 1081 3660 testentur3
1114 3571 1259 3660 denique
1274 3593 1379 3660 quum

261 3695 337 3742 eam
354 3673 506 3745 fabulam
525 3677 587 3744 sub
602 3677 721 3744 Naevii
734 3679 869 3768 upmine
889 3676 996 3762 semel
1011 3675 1217 3763 Priscianus,
1244 3675 1379 3765 saepius

197 3795 204 3806 ·
260 3775 388 3845 Nonius
410 3777 588 3865 afferat,
577 3801 614 3846 m
635 3758 761 3868 qulbus
779 3751 884 3850 sicubi
907 3779 1013 3847 variat
1039 3779 1180 3846 nominis
1203 3777 1380 3868 scriptura,

259 3899 329 3946 non
351 3881 441 3950 valet
461 3879 532 3951 hoc
555 3882 713 3950 continuo
741 3883 786 3952 ad
810 3881 1073 3952 obiudiuaodurn
1094 3905 1115 3950 a
1137 3880 1266 3950 Naevio
1289 3879 1380 3948 hanc

258 3979 430 4072 fabulam,
460 3982 627 4075 siquidem
645 3985 784 4070 Naevii,
817 3985 934 4070 Nouii,
967 3984 1102 4070 Laevii,
1134 3983 1224 4054 Livii
1244 3984 1379 4052 uomina

259 4082 385 4172 ubique
418 4095 682 4156 commutantur:
729 4089 843 4158 omnia
866 4110 927 4156 uos
960 4112 1002 4158 co
1031 4087 1188 4158 videntur
1209 4085 1380 4156 adducere

215 4184 405 4273 isdemne,
431 4197 468 4258 ut
482 4209 551 4260 nou
571 4191 688 4276 Nouii,
702 4191 775 4260 'sed
791 4192 911 4280 Naevii
925 4187 1079 4262 fabulam
1094 4188 1261 4262 Colacem
1277 4189 1380 4260 luisse

260 4296 450 4361 statuamus.
501 4292 645 4372 Accedit
665 4295 762 4384 quod
786 4295 979 4390 fragmenta
999 4294 1100 4366 huius
1118 4293 1277 4380 fabulae,
1301 4300 1340 4362 ut
1360 4313 1381 4360 a
