3058 5046
256 379 319 447 rsa
368 377 420 442 on
440 377 701 442 ιιιιιιοιοιιι
722 350 963 443 emnconvn
983 377 1258 458 mnovrssrur

256 555 342 622 nisse
354 549 535 638 debemus,
562 573 640 621 eum
663 553 784 624 callide
799 553 934 623 invento
950 549 1034 621 dolo
1050 551 1193 623 Caelum
1207 575 1248 622 ao
1261 547 1374 623 Terra

255 649 427 737 Adrano,
453 655 679 746 Crepuscam,
705 656 740 725 in
764 651 931 754 Κρήτην,
957 655 1197 748 Temperiem,
1221 658 1256 724 in
1273 678 1374 724 mon-

255 761 325 828 tem
347 759 507 854 Αἰγαῖον
515 811 529 847 ,
562 758 711 844 Salium,
743 762 923 846 miserunt,
956 759 1016 827 ubi
1038 761 1128 829 elam
1152 760 1293 828 nutritus
1314 767 1372 828 est.

210 862 301 930 reld
323 869 388 946 est,
408 860 476 948 uis,
502 883 589 949 quae
603 863 732 930 fervere
749 863 862 930 omnia
878 872 912 932 et
931 862 1102 955 vigescere
1116 862 1209 947 facit,
1235 861 1296 930 din
1310 863 1373 932 sub

255 963 417 1057 ambigua
450 963 528 1035 luce
558 965 657 1034 latuit
681 965 717 1032 in
741 965 884 1057 regione
913 973 993 1056 apte
1017 965 1063 1033 ad
1091 965 1373 1036 efflorescendum

116 1117 119 1126 ·
254 1075 458 1160 temperata,
485 1075 519 1136 et
535 1067 673 1156 quidem
686 1067 722 1136 in
738 1077 853 1138 monte
866 1068 1086 1140 subterraneis
1100 1067 1235 1164 ignibus
1247 1068 1375 1158 treme·

253 1170 382 1239 bundo.
423 1170 599 1258 Tandem,
624 1193 730 1262 quum
746 1173 862 1242 adulta
879 1173 1106 1264 prorupisset,
1135 1172 1286 1244 Perficus
1311 1172 1375 1240 iste

254 1274 357 1341 etiam
378 1273 523 1363 reliquas
543 1273 647 1361 vires,
679 1297 762 1365 quas
785 1275 998 1364 occuluerat,
1023 1276 1060 1344 in
1076 1273 1190 1344 lucem
1204 1275 1380 1350 remittere·

255 1383 392 1446 coactus
410 1386 477 1446 est:
510 1377 687 1468 quiquam
710 1377 859 1468 primunr
880 1378 999 1465 eiecit,
1023 1377 1271 1469 supposititium
1287 1377 1375 1448 Fer-

254 1480 358 1565 vium,
372 1501 449 1548 eum
465 1481 784 1574 genuinusfllodoi,
810 1482 985 1567 Puteolae,
1011 1475 1155 1576 γυάλοις
1171 1475 1245 1555 dud
1260 1485 1373 1578 Παρ-

253 1587 418 1682 νησσοῖο,
448 1584 484 1652 in
498 1579 646 1654 cavernis
661 1585 812 1676 Aggeri,
837 1585 965 1654 statuit:
989 1584 1011 1652 i.
1039 1607 1069 1654 e.
1084 1585 1198 1654 fervor
1216 1607 1285 1653 non
1307 1607 1375 1676 ge-

254 1685 371 1753 nuinus
389 1688 571 1776 putrescit,
600 1687 668 1755 alia
683 1687 829 1780 desuper
844 1688 984 1758 materia
1004 1697 1156 1780 aggesta
1206 1687 1280 1756 Sed
1305 1709 1373 1755 non

255 1797 333 1855 ante
352 1789 486 1878 penitus
507 1791 639 1881 perfrui
663 1791 808 1882 irnperio
830 1793 944 1882 potuit
966 1791 1123 1877 Pervius,
1147 1812 1250 1880 quarn
1270 1789 1373 1882 plane

255 1889 433 1960 debellatis
471 1891 663 1978 Titanibus,
708 1903 877 1982 erutoque
918 1901 1087 1984 potestate
1130 1917 1190 1962 sna
1228 1894 1371 1962 Perfioo.

255 1992 361 2078 Quod
378 1993 509 2064 bellurn
528 1995 614 2064 nibil
634 1995 728 2064 aliud
755 2019 844 2082 esse,
869 2019 973 2085 quarn
985 1996 1157 2088 ingentem
1175 2007 1283 2066 terrae
1295 2018 1372 2064 mo-

253 2105 345 2182 tum,
370 2119 440 2187 qno
462 2098 574 2183 denuo
594 2109 822 2190 proruperant
842 2118 945 2192 aegre
965 2098 1116 2168 domitae
1133 2099 1260 2169 efferae
1285 2101 1372 2169 vires

253 2208 410 2286 naturae,
436 2201 678 2293 apertissimum
697 2210 755 2272 est
805 2203 861 2271 Eo
884 2202 919 2269 in
941 2202 1101 2272 conflictu
1123 2202 1217 2293 quod
1237 2203 1374 2272 territae

255 2304 356 2371 etiarn
371 2305 628 2374 immanissimae
647 2307 781 2375 belluae
798 2327 840 2374 er
861 2304 998 2374 latebris
1016 2306 1081 2374 suis
1099 2306 1134 2374 in
1155 2315 1373 2398 conspectum

252 2406 393 2499 prodire
418 2409 524 2497 visae,
565 2407 779 2478 Centimanos
806 2409 947 2478 Fervius
974 2409 1023 2478 ad
1048 2411 1207 2480 auxilium
1235 2429 1372 2478 vocasse
1419 2437 1422 2444 ·

254 2510 386 2578 dicitur.
444 2511 496 2579 lta
519 2513 667 2602 superati
687 2513 842 2597 TitaneS,
881 2511 1135 2602 Centimaniqne
1156 2513 1195 2582 iis
1218 2512 1373 2583 custodes

184 2634 187 2638 ’
254 2611 376 2681 additi:
402 2613 463 2681 sed
480 2609 674 2712 Βριάρεῳ,
701 2615 849 2700 Viriato,
875 2613 997 2684 coniux
1012 2615 1091 2684 data
1112 2611 1369 2708 Κυμοπόλεια,

253 2715 479 2789 Vndicolona.
538 2717 580 2786 ld
603 2726 670 2802 est,
695 2718 831 2786 belluae
851 2740 887 2786 se
911 2719 946 2786 in
966 2718 1110 2787 latebras
1137 2741 1211 2786 suas
1231 2741 1373 2809 recepe·-

255 2826 342 2907 runt‚
368 2819 621 2910 vastissimisque
652 2844 766 2889 earum
802 2845 896 2890 mare
925 2821 1043 2890 datum
1069 2831 1118 2890 est
1140 2821 1372 2889 habitandum.

254 2921 356 2991 Tunc
375 2916 563 3018 Topoedc,
591 2923 799 3014 VaporinnS,
825 2947 867 2993 ex
891 2925 1002 2995 Terra
1017 2935 1130 3012 natus,
1156 2925 1302 2994 restincti
1318 2924 1379 2990 in-'

254 3023 365 3095 condii
380 3047 508 3117 vapore
523 3025 639 3096 adhuc
653 3037 841 3120 superante.

357 3128 511 3220 luppiter
525 3129 647 3221 igitur,
673 3132 741 3200 sive
760 3131 920 3220 Fervius,
952 3129 1077 3224 potitus
1096 3148 1223 3221 regno,
1258 3130 1372 3220 primo

254 3253 394 3301 uxorem
417 3232 480 3300 sibi
494 3233 599 3300 iunxit
618 3233 769 3332 Μῆτιν,
807 3234 971 3320 Consum,
998 3256 1086 3326 quae
1106 3240 1174 3301 no'n
1196 3231 1306 3304 solum
1330 3231 1371 3298 ti·

253 3337 334 3404 liam
357 3357 399 3404 ex
426 3353 469 3402 eo
499 3338 674 3428 concepit,
714 3341 775 3409 sed
798 3348 1007 3430 conceptura
1032 3345 1105 3406 erat
1125 3337 1225 3404 etiam
1253 3336 1372 3418 filiurn,

216 3467 222 3500 ι
253 3461 379 3532 magna
398 3449 672 3530 exsuperaturum
697 3443 835 3512 ferocia.
886 3442 929 3509 ld
952 3450 1019 3525 est,
1052 3440 1153 3508 animi
1176 3439 1370 3521 sollertiam,

254 3544 360 3612 semel
375 3541 511 3612 fervore
524 3553 736 3634 correptam,
761 3544 1053 3629 artibusinventis,
1079 3542 1167 3611 nibil
1186 3563 1253 3610 non
1274 3542 1372 3608 fuisse

253 3655 463 3714 tentaturam.
521 3646 622 3716 Vnde
652 3672 726 3716 eam
760 3648 937 3743 gravidam
971 3657 1088 3762 ventre
1117 3667 1177 3714 suo
1205 3643 1370 3728 condidit,

151 3772 155 3777 ’
255 3749 406 3818 Fortius,

355 3852 441 3920 Inde
462 3873 601 3921 uxorem
620 3851 712 3921 duxit
725 3851 862 3946 Θέμιν,
888 3851 1068 3941 Statinam,
1096 3873 1137 3920 er
1157 3875 1224 3940 qua
1234 3847 1370 3945 Ὥρας,

254 3951 440 4038 Tutilinas,
469 3956 632 4047 suscepit,
657 3953 861 4054 Ευιομίην,
888 3955 1015 4055 Δίκην,
1041 3947 1216 4051 Εἰρήνην,
1242 3951 1370 4040 Aequi·

253 4064 377 4177 tatem,
402 4057 580 4144 Iustitiam,
605 4060 742 4129 Pacem.
794 4061 877 4128 llas
884 4058 1045 4126 atuendo
1062 4057 1178 4142 dictas,
1204 4054 1373 4124 Hesiodus

209 4161 211 4167 ’
253 4160 487 4252 ipsetestatur.
538 4161 671 4230 Deinde
688 4159 850 4260 Μοίρας,
876 4160 1064 4245 Tribunus,
1097 4151 1264 4250 Κλωθώ,
1291 4149 1374 4240 Ad-

255 4289 377 4355 χεσιν,
404 4259 620 4361 Ἀτροπον,
645 4265 786 4352 Neiam,
824 4265 991 4351 Sortiam,
1021 4265 1215 4334 Nevortam.
1276 4259 1390 4344 Qua

256 4389 331 4452 rum
350 4387 464 4437 rerum
489 4367 575 4435 ratio
597 4377 732 4460 apertu
