3078 5026
437 329 660 402 MENSVRA
679 283 974 408 u'nruurssct
1000 379 1001 384 ι
1201 347 1267 411 121

146 508 229 600 stat)
255 509 468 580 concinnitati
485 533 563 579 eum
578 532 810 598 numerorum,
837 523 965 582 serrata
982 517 1150 606 communi
1167 539 1264 588 men-
1294 561 1297 566 -

146 633 241 698 sura,
266 613 351 682 mire
367 614 508 682 officere
521 615 695 683 fatendum
717 627 774 684 est
826 617 884 686 Sic
906 618 999 709 apud
1015 619 1212 691 Pindarum.

302 763 368 846 τοῖς
392 757 516 840 eineder
537 767 605 862 μὲν
636 760 743 862 βάσις
767 764 917 860 ἀγλαΐας
949 763 1014 869 Ι
987 765 1099 869 αρχά,

302 866 433 941 πείθοι
457 861 464 968 Ι
486 896 549 942 ται
572 865 606 942 δ’
635 866 769 942 ἀοιδοὶ
781 865 949 966 ια’μιισιν
1142 871 1145 878 ’

148 1020 266 1113 Apud
280 1019 519 1112 Aeschylum
509 1043 544 1090 ιιι
566 1019 879 1137 Eumenidibus:
927 1119 929 1134 Ι

288 1172 441 1296 μᾶτερ,
468 1167 555 1268 ἅμ’
577 1149 732 1263 ἔτικτες,
760 1171 789 1248 oi
817 1178 824 1267 Ι
848 1175 970 1280 μᾶτερ

281 1271 399 1380 Nv'f,
424 1273 572 1352 dinotet
587 1305 647 1352 και
639 1273 876 1377 δεδορκόσιν
899 1274 905 1378 Ι
927 1306 1071 1353 norror.

90 1533 92 1538 ,
149 1432 195 1501 ln
212 1431 486 1525 Agamemnone·

303 1577 393 1665 Ζεύς
398 1639 412 1672 ,
440 1582 478 1664 ὅς
498 1575 506 1686 Ι
530 1582 583 1664 τίς
600 1581 690 1657 ποτ’
713 1584 832 1678 ἐστίν,
857 1588 894 1668 ,εἰ
913 1578 983 1660 τόδ
1004 1580 1082 1658 αὐ-

302 1686 356 1784 τῷ
376 1683 482 1784 ’φίλοι
506 1689 722 1786 κεκλημένῳ·

148 1841 248 1932 Lege
265 1841 365 1909 istum
386 1840 585 1910 trochaeum
606 1842 747 1927 eadem,
781 1861 849 1930 qua
870 1841 1017 1932 reliquos
1037 1840 1144 1933 pedes
1165 1863 1264 1911 meu·
1311 1901 1321 1924 ,

149 1966 244 2030 sura,
269 1943 409 2012 uthanc
423 1942 547 2012 habeat
560 1945 831 2037 longitudinem,
855 1943 892 2011 2.
921 1944 954 2012 1.
981 1955 1015 2016 et
1038 1945 1173 2030 senties,
1200 1934 1264 2014 nu·
1291 1983 1296 1992 ·

148 2069 260 2115 meros
280 2069 352 2114 esee
370 2047 519 2138 ineptos,
552 2048 783 2133 inconcinnos,
819 2049 979 2118 elumbes.
1033 2047 1102 2118 Cur
1128 2049 1176 2116 ita
1196 2069 1265 2117 nou

149 2157 199 2218 est
220 2148 345 2218 etiam
334 2171 371 2218 111
389 2172 486 2217 versu
499 2149 756 2240 Hipponacteo:
803 2201 835 2239 ⁴.

254 2317 256 2329 ¹
305 2295 488 2376 duodeno
508 2267 769 2382 Ἱππώνακτος
795 2328 838 2374 ou
829 2263 933 2398 'peip
952 2295 1036 2380 αλλ
1060 2261 1194 2408 Ιῆκιι,
1262 2405 1267 2414 ⁸

146 2453 313 2544 Nempc'
303 2474 337 2520 m
356 2451 433 2522 hoc
439 2475 536 2522 versu
556 2453 735 2524 trochaeus
755 2454 816 2522 ille
839 2475 904 2544 pro
927 2453 1042 2521 iambo
1063 2450 1266 2536 substitutus,
1291 2501 1295 2517 .

147 2558 249 2625 huius
270 2557 343 2624 rice
364 2557 532 2648 fungitur,
557 2573 696 2625 servans
721 2557 873 2648 ¹proinde
894 2578 1082 2633 mensuram
1097 2555 1205 2624 eiust.
1231 2555 1266 2623 in
1291 2585 1293 2589 ·

88 2701 89 2706 ι
149 2660 214 2729 illie
238 2668 351 2727 autem
370 2661 531 2752 exemplis
563 2663 728 2729 seiunctus
756 2685 780 2728 a
807 2659 946 2728 caeteris
964 2659 1130 2727 'numeris
1144 2659 1267 2750 integri

149 2764 294 2834 membri
316 2762 441 2832 vlocum
474 2772 583 2848 tenet,
631 2774 687 2848 ut,
726 2763 753 2832 si
768 2764 882 2832 'trium
904 2763 963 2830 ille
991 2773 1184 2853 temporum
1198 2829 1200 2836 ,
1214 2763 1267 2848 sit,

150 2865 352 2956 ineptissime
370 2865 491 2934 evadet
508 2875 576 2934 tam
592 2868 701 2959 hrevis
716 2867 860 2935 membri
876 2866 921 2934 ad
938 2877 1008 2934 tam
1020 2867 1136 2957 longa,
1159 2888 1265 2954 quam

71 3051 73 3056 Ι
151 2978 283 3038 caetera
300 2979 391 3056 unt,
418 2971 635 3060 comparatio.
689 2969 906 3059 Quarequid
923 2969 1035 3054 aliud,
1061 2991 1174 3057 quam,
1195 2989 1265 3055 quo

149 3073 278 3140 numeri
292 3072 345 3138 isti
367 3083 446 3164 apta
467 3074 691 3163 proportione
713 3082 950 3162 aequarentur,
976 3081 1137 3161 quantum
1147 3071 1264 3137 multi-

150 3174 257 3242 tudini
281 3175 484 3264 syllabarnm
506 3176 639 3261 deerat,
665 3185 792 3248 tautum
812 3175 958 3267 ponderi
979 3175 1146 3242 adiectum
1162 3174 1265 3242 fuisse

151 3277 367 3348 censeamus?
391 3282 444 3347 Ac
465 3277 634 3368 profecto,
658 3279 717 3366 qni
735 3277 842 3346 modo
857 3278 1050 3368 ineptissimi
1071 3277 1265 3368 etturpiter

150 3380 249 3450 fracti
267 3381 396 3448 numeri
415 3381 630 3476 videbantur,
657 3381 817 3473 aptissimi
838 3391 935 3450 eruut
951 3391 995 3451 et·
1007 3382 1126 3450 eximia
1149 3379 1267 3470 gravi-
1287 3415 1289 3422 ·

148 3491 220 3551 tate
235 3483 369 3568 decori,
393 3486 420 3552 fl
442 3484 534 3556 hunc
556 3508 625 3554 non
647 3488 829 3605 uulgarem
837 3486 938 3553 iilum
962 3483 1179 3566 trochaeum,
1206 3480 1291 3568 qui

148 3587 295 3672 trium,
290 3587 381 3655 sed
394 3597 622 3673 acmantum,
620 3589 689 3677 qui
721 3588 906 3658 duodecim
933 3596 1126 3674 temporum
1154 3584 1312 3675 spatioIS

149 3689 367 3782 producitur,
400 3713 469 3758 esse
490 3699 652 3758 statuas.
675 3689 755 3759 Hoc
779 3684 942 3757 eiusmodi
964 3688 1048 3756 mihi
1076 3709 1145 3754 esse
1161 3685 1293 3754 stride-

150 3801 223 3878 tur,
248 3803 287 3861 ut
304 3785 574 3862 nemincmfore·
592 3792 746 3877 credam,
777 3794 836 3881 qui
859 3791 1182 3874 semelmonitus,'
1158 3813 1186 3857 ει
1208 3813 1288 3858 re»

149 3897 294 3988 putarit,
326 3897 442 3986 quales
463 3897 523 3964 ilia
546 3897 693 3966 carmina
714 3883 872 3964 numeros
893 3895 1078 3984 requirant,
1104 3916 1171 3962 non
1186 3917 1266 3962 vera

149 4020 211 4068 nos
231 3999 377 4068 attulisse
401 4000 464 4069 sibi
479 3999 690 4092 persuadeat.
741 4000 848 4069 Aliud
871 3999 1063 4089 exemplum
1076 3996 1174 4066 huim
1194 4008 1265 4065 tros

151 4100 252 4173 chaei
270 4103 438 4172 inauditos
458 4105 555 4173 tollet
578 4125 733 4172 numeros
754 4103 789 4170 in
812 4101 868 4172 Oi.
887 4102 945 4168 lx.
997 4100 1069 4170 Sed
1092 4101 1185 4170 facta
1211 4123 1275 4168 se·v
1307 4119 1312 4135 ¹

151 4206 221 4274 mel
239 4205 337 4299 pedis
359 4206 459 4274 huius
473 4207 655 4293 mentione,
673 4207 796 4299 *paucis
820 4205 1024 4296 explicemus
1044 4205 1196 4276 Aristidis
1207 4203 1265 4269 lo-

153 4329 249 4397 cum,
274 4310 333 4400 qni
346 4313 460 4382 nescio
473 4333 554 4380 ana
574 4309 926 4404 plnuqneznonsatis
949 4301 1143 4380 intellectus·
1155 4307 1263 4378 fuerit
1284 4357 1286 4362 .
