3080 5054
626 363 632 376 '
712 383 907 448 onnunn

403 558 537 650 Vrgent
562 561 718 647 potentes
741 555 880 626 oonsilio
908 557 987 626 viri:

405 661 517 754 Vrget
539 657 808 744 Meluuohthon,
842 667 946 749 atque
973 659 1070 751 operi
1099 680 1203 752 sagax

456 764 631 834 Hortatur.
641 761 861 851 adiutorque,
875 763 955 832 .leni

506 865 645 960 Miu‘gat
666 865 815 955 alloquio
831 873 1006 939 tumentes.

407 1139 482 1208 Nee
503 1139 613 1232 segnis
635 1137 743 1210 adstat
769 1140 865 1208 tortis
885 1141 1004 1229 eques,
1029 1139 1104 1207 iero
1193 1143 1204 1154 '

407 1242 586 1334 Promptas
607 1241 724 1312 duello
742 1243 921 1333 proiioiens
941 1245 1066 1329 miuus,

459 1345 613 1434 vinens,
638 1345 800 1415 iracundo
815 1347 914 1414 velox

510 1443 582 1516 Ore
609 1469 777 1537 manuque
800 1449 933 1517 vibrare
960 1447 1038 1516 tela

408 1721 535 1794 Omnes
563 1722 599 1790 in
620 1740 723 1790 annos
746 1729 783 1788 tu
803 1741 940 1808 quoque
963 1720 1104 1811 posteris

409 1826 528 1896 Clarus
549 1823 682 1909 fereris,
722 1831 862 1913 pectore
885 1823 945 1910 qui
968 1823 1047 1915 pio,

390 2011 394 2019 ¹
458 1927 616 2010 Calvino,
653 1923 809 1994 defensor
826 1923 961 1991 fidelis,

507 2026 678 2098 Exstiteris
700 2028 913 2116 monitorque
930 2025 1031 2114 renti,

406 2299 492 2370 Late
516 2307 689 2391 patentem
711 2323 779 2390 qua
798 2298 988 2369 Rhodanus
1009 2301 1116 2369 viren's
1177 2307 1207 2338 ·³

407 2401 545 2494 Linquit
566 2403 772 2490 Lemonum,
807 2412 841 2472 et
872 2403 1049 2474 verticibus
1077 2402 1176 2474 sacris

460 2507 581 2576 Vicina
604 2515 745 2598 tangens
773 2506 871 2597 Alpis
894 2514 982 2574 astra

508 2609 605 2683 Luce
629 2611 711 2680 nivis
736 2632 833 2680 rosea
854 2609 1013 2702 refulget

406 2878 480 2949 Neo
497 2888 535 2946 tu
557 2882 700 2971 peribis,
731 2889 851 2972 sponte
871 2883 1028 2973 tua-iugi

406 2983 551 3052 Eversor
571 2983 677 3073 aspri,
702 3005 765 3073 pro
793 2984 901 3072 patria
925 2984 1023 3048 simol

456 3087 504 3155 Et
533 3107 598 3177 pro
620 3084 708 3172 fide,
735 3085 888 3177 Zvingli,
912 3092 1040 3152 saerata

461 3189 643 3260 ..inolitus
672 3189 854 3280 oppetiisse
880 3196 1044 3272 monem,

406 3457 562 3529 Dieeude
585 3460 711 3530 eunetis
734 3460 898 3552 plurime,
924 3458 984 3529 ssd
1008 3462 1121 3554 mag‘is'
1203 3465 1209 3471 '

405 3564 496 3648 Illis,
531 3584 688 3630 amoenas
708 3564 753 3631 ad
776 3563 873 3632 vitrei
899 3563 991 3634 lacus
1212 3569 1217 3581 '

460 3664 547 3737 Oras
576 3667 637 3735 sub
657 3669 793 3756 antiquo
818 3667 910 3734 beati

511 3769 581 3854 Qui
603 3769 732 3840 unrico
753 3791 899 3860 posuere
914 3769 1040 3840 sedem.
1064 3780 1069 3788 “

409 4061 551 4150 Teque,
578 4082 600 4128 o
625 4081 689 4150 per
710 4059 830 4126 orbem
856 4056 1081 4147 qniSapiens
1106 4056 1216 4142 clnes',

411 4164 588 4255 Regnator
611 4163 721 4232 almae
742 4161 925 4244 Senoniae,
953 4160 1029 4228 satis

460 4267 545 4350 Quis
569 4265 703 4351 laudet,
736 4273 870 4334 aeterna
895 4262 1059 4334 denorum
1123 4321 1145 4351 ‚2

476 4451 479 4460 ‚
511 4369 652 4438 Fronde
673 4377 793 4461 eaput,
818 4367 1003 4455 meritaque
1026 4365 1149 4436 lauru?
