3078 5026
177 437 181 444 ,
269 373 333 438 rra
386 369 439 434 us
457 363 719 434 unmonocn
740 367 982 434 cnrrconvrr
1001 326 1276 445 mucuss'mr
1375 309 1383 325 ¹

266 549 342 615 sunt
358 539 475 644 ’Φοίβη
493 549 527 610 et
545 533 686 640 made,
712 537 850 610 Februa
862 548 897 609 et
909 543 1086 628 Ammaia,
1107 541 1295 612 nominibus
1310 565 1380 613 non

266 647 428 720 obscuris.
479 644 607 713 Earum
630 643 736 713 altere
759 646 934 736 purgatrix
960 655 1029 730 est,
1055 655 1229 716 removens
1250 648 1381 718 inutilia

266 760 301 819 et
315 749 432 830 noxir3
456 748 561 818 altera
574 747 701 830 nutrix,
726 747 819 814 utilia
832 758 866 814 et
879 747 1034 816 salutaria
1050 749 1243 817 admovens.
1275 749 1382 820 Glau-

250 853 316 922 2dit
335 852 407 923 hoc
422 872 547 944 agmen
558 870 660 933 unus,
683 848 778 937 isque
798 849 858 918 etsi
876 859 1065 941 postremus
1078 851 1112 918 in
1127 851 1241 921 lucem
1262 854 1380 939 editus,

265 965 377 1024 tamen
405 963 482 1022 ante
510 961 660 1024 caeteros
683 952 813 1022 nobilis.
864 953 897 1020 ls
926 945 1089 1050 Κρόνος,
1120 953 1289 1042 Perilaus,
1320 966 1381 1039 est,

265 1060 400 1128 nomine
411 1064 547 1126 vocatus
564 1062 712 1146 cognato
725 1076 803 1124 cum
815 1055 921 1123 ver'oo
940 1053 1109 1150 κραίνειν.
1160 1057 1231 1128 Ηίο
1245 1056 1380 1129 ultimus

264 1171 363 1248 natu,
388 1159 469 1250 quia
491 1157 637 1247 denique
659 1157 862 1226 motus'illos
882 1157 1089 1249 composuit;
1113 1167 1147 1228 et
1170 1155 1381 1260 ἀγκυλομή-

265 1291 352 1361 της,
386 1262 465 1352 quia
488 1261 681 1330 diuturnum
707 1259 779 1330 hoc
805 1261 870 1329 fuit
902 1270 936 1330 et
960 1259 1102 1336 difficile
1125 1283 1221 1354 opus.
1280 1265 1382 1335 Vnde

264 1375 385 1460 postea
409 1365 572 1456 temporis
594 1364 795 1456 significatio
813 1363 894 1434 huic
918 1363 1063 1452 nomini,
1093 1364 1213 1436 leviter
1239 1376 1381 1455 mutato,

266 1470 421 1540 accessit:
444 1468 666 1558 nequeenim
688 1461 832 1563 Κρόνος
855 1491 877 1535 a
892 1475 1066 1558 tempore,
1112 1468 1172 1538 red
1197 1478 1331 1562 ternpus
1360 1494 1382 1540 a

264 1565 420 1672 Κρόνῳ,
446 1570 542 1661 quod
555 1577 676 1642 cuncta
693 1569 891 1662 perliceret,
918 1570 1138 1662 appellatum.

366 1776 548 1870 Excipiunt
559 1775 625 1844 hos
642 1775 730 1848 duae
745 1777 802 1845 alii
814 1775 910 1850 Caeli
922 1775 1119 1868 Terraeque
1137 1777 1382 1870 generationes,

265 1877 437 1973 Cyclopes
452 1888 487 1949 et
502 1879 699 1949 Centimani.
751 1881 922 1973 Cyclopes
943 1881 1035 1948 male
1055 1882 1291 1973 iuterpretatur
1305 1883 1382 1950 He-

264 1982 388 2052 siodus.
440 1983 526 2052 Sunt
547 1983 636 2052 enim
657 1975 852 2064 Κύκλωπες
874 1983 1029 2068 Volvuli,
1055 2006 1141 2075 quos
1163 2007 1227 2076 per
1249 1985 1383 2055 caelum

263 2087 396 2156 volutos
411 2087 546 2156 ruribus
561 2085 709 2156 oculisve
723 2087 945 2178 percipimus,
970 2085 1113 2173 tonitru,
1139 2087 1285 2175 fulmen,
1310 2087 1381 2158 liri-

263 2191 408 2284 gnratio.
459 2189 552 2259 Hinc
573 2191 709 2258 nomina
725 2199 865 2276 eorum,
889 2182 1074 2287 Βρόντης,
1099 2190 1257 2272 Tonuus;
1281 2195 1381 2265 Zea-⁵

264 2287 398 2390 ρόπης,
422 2290 662 2374 Praestinxius3
682 2290 836 2391 Ἀργης,
860 2292 1055 2383 Fulgetrus.
1108 2291 1382 2363 Centimauorum

131 2391 135 2398 ’
262 2395 438 2490 generatio
468 2395 597 2488 primos
628 2406 765 2465 conatus
798 2394 924 2468 iudicat
951 2395 1270 2466 animatasnaturas
1297 2417 1382 2489 pro-

263 2499 416 2572 creandir
442 2522 531 2589 quae
550 2495 806 2571 immanissimae
824 2499 975 2584 fuerunt,
1001 2499 1189 2590 luxuriante
1210 2500 1325 2571 adhuc
1347 2500 1381 2568 vi

262 2601 489 2696 generatrice,
522 2602 669 2671 necdum
693 2600 836 2672 modurn
859 2601 1026 2670 adhibere
1045 2603 1158 2678 docta.
1212 2603 1383 2689 Quoniam

263 2713 376 2774 autem
390 2703 515 2796 triplex
536 2705 672 2772 omnino
690 2713 738 2774 est
754 2707 949 2789 enormitas,
974 2706 1119 2798 ingenii,
1144 2706 1284 2792 virium,
1307 2707 1383 2776 lirr-

263 2829 357 2878 mae:
382 2805 485 2875 tribus
500 2829 541 2874 ea
553 2809 742 2877 nominibus
762 2808 1025 2899 comprehensa,
1050 2805 1198 2890 Κόττος
1212 2810 1301 2880 dicte
1322 2819 1383 2896 est,

145 2991 149 3002 1
237 2911 312 2985 oab
331 2909 466 2978 nomine
490 2903 611 2991 odrae,
645 2911 788 2996 Saevio,
831 2919 865 2980 et
899 2904 1109 3006 Βριάρεως,
1149 2911 1313 2996 Viriatus,
1348 2923 1384 2984 et

264 3007 382 3110 Γύης,
422 3009 583 3081 Membro
609 3011 658 3104 *).
718 3013 773 3082 lle
800 3013 868 3083 hae
890 3014 1161 3103 interpretatione
1190 3013 1328 3083 fabulae
1354 3017 1384 3086 si

263 3116 476 3208 cogitavisset
493 3115 665 3185 Bentleius
679 3115 725 3184 ad
738 3115 859 3187 Horat.
877 3117 989 3187 Canu.
1003 3113 1047 3185 11.
1060 3115 1129 3202 lt,
1155 3115 1215 3185 14.
1230 3137 1300 3186 non
1314 3117 1383 3190 du-

261 3218 407 3288 bitanter
433 3218 580 3288 sormam
613 3221 776 3312 postremi
805 3221 948 3289 nominis
977 3211 1111 3318 Γύγης,
1155 3241 1243 3309 quae
1271 3223 1383 3292 notior

261 3319 404 3396 utrariis
424 3321 469 3388 ab
493 3343 578 3414 rege
601 3322 755 3412 Lydiae,
785 3325 884 3394 toties
913 3322 1009 3394 alteri
1045 3322 1219 3396 substituta
1241 3333 1311 3413 est,
1344 3335 1382 3396 ut

262 3425 366 3518 plane
389 3423 538 3516 ineptam
562 3423 740 3495 reiecisset.

272 3601 275 3608 ’
365 3607 485 3683 Omnis
507 3610 603 3681 Caeli
626 3610 823 3704 Terraeque
840 3610 1022 3706 progenies
1040 3610 1212 3710 Τιτῆνες,
1238 3613 1380 3686 Tende-

262 3737 340 3803 nes,
365 3713 549 3809 appellati,
574 3738 644 3786 non
657 3717 701 3786 ab
721 3719 790 3787 alia
811 3739 869 3803 re,
894 3737 998 3807 quam
1011 3715 1106 3806 quod
1124 3717 1214 3788 ultro
1229 3718 1381 3819 cinoque

303 4005 335 4070 *l
357 4005 497 4070 Creuzeri
513 4006 731 4072 obiectionibus
746 4017 846 4069 motus
862 4009 928 4071 vidi
945 4009 1118 4090 grandinem
1134 4015 1253 4093 potius,
1276 4023 1307 4078 et
1326 4014 1381 4078 im·

260 4089 346 4166 brea,
379 4101 411 4152 et
438 4093 524 4156 uires
552 4093 728 4173 significari,
756 4103 792 4154 nt
813 4095 1058 4158 Centimarrorum
1084 4099 1206 4158 nomine
1233 4117 1300 4162 esse
1321 4099 1382 4162 de-
1434 4151 1439 4166 ,

259 4175 353 4236 beant
372 4175 486 4256 Farina,
507 4179 641 4262 Sulcius,
664 4179 824 4256 Granium,
847 4183 934 4241 cuius
948 4183 1075 4244 alterum
1091 4203 1210 4262 nornen,
1232 4185 1382 4268 Adsertor,

260 4259 414 4322 Turbulm
427 4263 476 4326 sit.
519 4263 598 4326 Vide
607 4266 775 4346 Epistolarn
791 4265 830 4325 ad
846 4265 1027 4329 Creuzerurn
1047 4268 1085 4331 de
1097 4277 1203 4330 ustura
1217 4275 1247 4335 et
1263 4269 1383 4332 ratione

260 4343 464 4430 mythologice
487 4343 664 4414 Germanice
684 4353 827 4432 scriptam
847 4369 881 4433 p·
904 4357 959 4420 84.
980 4371 1045 4434 req.
