<?xml version="1.0" encoding="UTF-8"?>
<!DOCTYPE html PUBLIC "-//W3C//DTD XHTML 1.0 Transitional//EN"
    "http://www.w3.org/TR/xhtml1/DTD/xhtml1-transitional.dtd">
<html xmlns="http://www.w3.org/1999/xhtml" xml:lang="en" lang="en">
 <head>
  <title>
</title>
<meta http-equiv="Content-Type" content="text/html;charset=utf-8" />
  <meta name='ocr-system' content='tesseract 3.04.00' />
  <meta name='ocr-capabilities' content='ocr_page ocr_carea ocr_par ocr_line ocrx_word'/>
</head>
<body>
  <div class='ocr_page' id='page_1' title='image "./opuscula03hermgoog/opuscula03hermgoog_0113.png"; bbox 0 0 3078 5026; ppageno 0'>
   <div class='ocr_carea' id='block_1_1' title="bbox 254 321 1186 437">
    <p class='ocr_par' dir='ltr' id='par_1_1' title="bbox 254 321 1186 437">
     <span class='ocr_line' id='line_1_1' title="bbox 254 321 1186 437; baseline 0 -13"><span class='ocrx_word' id='word_1_1' title='bbox 254 365 318 434; x_wconf 76' lang='lat'><strong>102</strong></span> <span class='ocrx_word' id='word_1_2' title='bbox 584 321 1034 426; x_wconf 76' lang='lat' dir='ltr'><strong>orasscrrrrr</strong></span> <span class='ocrx_word' id='word_1_3' title='bbox 1180 427 1186 437; x_wconf 15' lang='lat' dir='ltr'>k</span> 
     </span>
    </p>
   </div>
   <div class='ocr_carea' id='block_1_2' title="bbox 172 533 1480 4440">
    <p class='ocr_par' dir='ltr' id='par_1_2' title="bbox 172 533 1480 4440">
     <span class='ocr_line' id='line_1_2' title="bbox 255 533 1368 628; baseline -0.004 -20"><span class='ocrx_word' id='word_1_4' title='bbox 255 536 417 611; x_wconf 87' lang='lat' dir='ltr'><strong>omnium.</strong></span> <span class='ocrx_word' id='word_1_5' title='bbox 432 533 562 625; x_wconf 83' lang='lat' dir='ltr'><strong>ltaque</strong></span> <span class='ocrx_word' id='word_1_6' title='bbox 576 534 670 606; x_wconf 86' lang='lat' dir='ltr'><strong>nulla</strong></span> <span class='ocrx_word' id='word_1_7' title='bbox 683 543 735 606; x_wconf 85' lang='lat' dir='ltr'><strong>est</strong></span> <span class='ocrx_word' id='word_1_8' title='bbox 747 535 990 628; x_wconf 82' lang='lat' dir='ltr'><strong>linguae&#39;pars,</strong></span> <span class='ocrx_word' id='word_1_9' title='bbox 1002 533 1118 625; x_wconf 85' lang='lat' dir='ltr'><strong>inqua</strong></span> <span class='ocrx_word' id='word_1_10' title='bbox 1132 542 1167 604; x_wconf 85' lang='lat' dir='ltr'><strong>at</strong></span> <span class='ocrx_word' id='word_1_11' title='bbox 1178 533 1368 604; x_wconf 80' lang='lat' dir='ltr'><strong>libertatem</strong></span> 
     </span>
     <span class='ocr_line' id='line_1_3' title="bbox 253 637 1368 731; baseline 0 -23"><span class='ocrx_word' id='word_1_12' title='bbox 253 647 391 726; x_wconf 76' lang='lat' dir='ltr'><strong>tantm,</strong></span> <span class='ocrx_word' id='word_1_13' title='bbox 415 647 575 729; x_wconf 86' lang='lat' dir='ltr'><strong>quantam</strong></span> <span class='ocrx_word' id='word_1_14' title='bbox 589 639 624 708; x_wconf 89' lang='lat' dir='ltr'><strong>in</strong></span> <span class='ocrx_word' id='word_1_15' title='bbox 637 639 927 725; x_wconf 81' lang='lat' dir='ltr'><strong>interiectionibus,</strong></span> <span class='ocrx_word' id='word_1_16' title='bbox 949 647 1053 731; x_wconf 81' lang='lat' dir='ltr'><strong>poeta</strong></span> <span class='ocrx_word' id='word_1_17' title='bbox 1069 637 1203 721; x_wconf 83' lang='lat' dir='ltr'><strong>lrabeat,</strong></span> <span class='ocrx_word' id='word_1_18' title='bbox 1225 646 1260 708; x_wconf 90' lang='lat' dir='ltr'><strong>et</strong></span> <span class='ocrx_word' id='word_1_19' title='bbox 1279 659 1368 728; x_wconf 91' lang='lat' dir='ltr'><strong>quae</strong></span> 
     </span>
     <span class='ocr_line' id='line_1_4' title="bbox 248 739 1369 835; baseline -0.004 -21"><span class='ocrx_word' id='word_1_20' title='bbox 248 743 414 835; x_wconf 43' lang='lat' dir='ltr'><strong>*aptiorsit</strong></span> <span class='ocrx_word' id='word_1_21' title='bbox 425 741 470 811; x_wconf 88' lang='lat' dir='ltr'><strong>ad</strong></span> <span class='ocrx_word' id='word_1_22' title='bbox 482 742 755 835; x_wconf 71' lang='lat' dir='ltr'><strong>peregrinitatem</strong></span> <span class='ocrx_word' id='word_1_23' title='bbox 762 742 832 812; x_wconf 87' lang='lat' dir='ltr'><strong>sine</strong></span> <span class='ocrx_word' id='word_1_24' title='bbox 841 739 1028 812; x_wconf 77' lang='lat' dir='ltr'><strong>offensione</strong></span> <span class='ocrx_word' id='word_1_25' title='bbox 1041 741 1264 810; x_wconf 82' lang='lat' dir='ltr'><strong>indicandam.</strong></span> <span class='ocrx_word' id='word_1_26' title='bbox 1279 742 1369 810; x_wconf 88' lang='lat' dir='ltr'><strong>Nam</strong></span> 
     </span>
     <span class='ocr_line' id='line_1_5' title="bbox 254 843 1370 938; baseline -0.004 -22"><span class='ocrx_word' id='word_1_27' title='bbox 254 845 353 916; x_wconf 75' lang='lat' dir='ltr'><strong>umal</strong></span> <span class='ocrx_word' id='word_1_28' title='bbox 374 845 576 938; x_wconf 71' lang='lat' dir='ltr'><strong>peregrinae</strong></span> <span class='ocrx_word' id='word_1_29' title='bbox 591 867 663 914; x_wconf 86' lang='lat' dir='ltr'><strong>esse</strong></span> <span class='ocrx_word' id='word_1_30' title='bbox 675 843 846 931; x_wconf 83' lang='lat' dir='ltr'><strong>videntur,</strong></span> <span class='ocrx_word' id='word_1_31' title='bbox 867 843 979 914; x_wconf 88' lang='lat' dir='ltr'><strong>sinon</strong></span> <span class='ocrx_word' id='word_1_32' title='bbox 998 853 1074 913; x_wconf 87' lang='lat' dir='ltr'><strong>surrt</strong></span> <span class='ocrx_word' id='word_1_33' title='bbox 1090 845 1246 923; x_wconf 72' lang='lat' dir='ltr'><strong>usitatuer</strong></span> <span class='ocrx_word' id='word_1_34' title='bbox 1270 843 1370 912; x_wconf 87' lang='lat' dir='ltr'><strong>simul</strong></span> 
     </span>
     <span class='ocr_line' id='line_1_6' title="bbox 253 946 1370 1041; baseline -0.002 -23"><span class='ocrx_word' id='word_1_35' title='bbox 253 949 390 1039; x_wconf 84' lang='lat' dir='ltr'><strong>reliquia</strong></span> <span class='ocrx_word' id='word_1_36' title='bbox 400 970 468 1017; x_wconf 92' lang='lat' dir='ltr'><strong>nou</strong></span> <span class='ocrx_word' id='word_1_37' title='bbox 474 957 675 1041; x_wconf 83' lang='lat' dir='ltr'><strong>repugnant,</strong></span> <span class='ocrx_word' id='word_1_38' title='bbox 689 948 768 1038; x_wconf 87' lang='lat' dir='ltr'><strong>quia</strong></span> <span class='ocrx_word' id='word_1_39' title='bbox 783 947 872 1016; x_wconf 90' lang='lat' dir='ltr'><strong>nihil</strong></span> <span class='ocrx_word' id='word_1_40' title='bbox 885 949 1004 1034; x_wconf 83' lang='lat' dir='ltr'><strong>obstat,</strong></span> <span class='ocrx_word' id='word_1_41' title='bbox 1016 947 1097 1038; x_wconf 89' lang='lat' dir='ltr'><strong>quin</strong></span> <span class='ocrx_word' id='word_1_42' title='bbox 1108 946 1142 1016; x_wconf 89' lang='lat' dir='ltr'><strong>in</strong></span> <span class='ocrx_word' id='word_1_43' title='bbox 1158 969 1292 1036; x_wconf 90' lang='lat' dir='ltr'><strong>quaque</strong></span> <span class='ocrx_word' id='word_1_44' title='bbox 1303 947 1370 1016; x_wconf 94' lang='lat' dir='ltr'><strong>lin·-</strong></span> 
     </span>
     <span class='ocr_line' id='line_1_7' title="bbox 254 1049 1370 1146; baseline -0.001 -25"><span class='ocrx_word' id='word_1_45' title='bbox 254 1075 325 1146; x_wconf 85' lang='lat' dir='ltr'><strong>gua</strong></span> <span class='ocrx_word' id='word_1_46' title='bbox 339 1052 455 1121; x_wconf 92' lang='lat' dir='ltr'><strong>locum</strong></span> <span class='ocrx_word' id='word_1_47' title='bbox 474 1051 650 1120; x_wconf 83' lang='lat' dir='ltr'><strong>inveniant</strong></span> <span class='ocrx_word' id='word_1_48' title='bbox 682 1051 791 1141; x_wconf 86' lang='lat' dir='ltr'><strong>ldque</strong></span> <span class='ocrx_word' id='word_1_49' title='bbox 804 1051 1052 1144; x_wconf 83' lang='lat' dir='ltr'><strong>sagacissimrun</strong></span> <span class='ocrx_word' id='word_1_50' title='bbox 1072 1059 1211 1142; x_wconf 84' lang='lat' dir='ltr'><strong>poetam</strong></span> <span class='ocrx_word' id='word_1_51' title='bbox 1230 1071 1299 1120; x_wconf 89' lang='lat' dir='ltr'><strong>non</strong></span> <span class='ocrx_word' id='word_1_52' title='bbox 1316 1049 1370 1120; x_wconf 89' lang='lat' dir='ltr'><strong>la-</strong></span> 
     </span>
     <span class='ocr_line' id='line_1_8' title="bbox 172 1147 1369 1240; baseline -0.003 -15"><span class='ocrx_word' id='word_1_53' title='bbox 172 1147 174 1156; x_wconf 67' lang='grc'>’</span> <span class='ocrx_word' id='word_1_54' title='bbox 251 1155 332 1225; x_wconf 80' lang='lat' dir='ltr'><strong>tuit:</strong></span> <span class='ocrx_word' id='word_1_55' title='bbox 347 1155 438 1224; x_wconf 90' lang='lat' dir='ltr'><strong>unde</strong></span> <span class='ocrx_word' id='word_1_56' title='bbox 450 1163 489 1222; x_wconf 90' lang='lat' dir='ltr'><strong>nt</strong></span> <span class='ocrx_word' id='word_1_57' title='bbox 504 1155 657 1240; x_wconf 86' lang='lat' dir='ltr'><strong>crebras,</strong></span> <span class='ocrx_word' id='word_1_58' title='bbox 682 1155 729 1224; x_wconf 88' lang='lat' dir='ltr'><strong>ita</strong></span> <span class='ocrx_word' id='word_1_59' title='bbox 744 1177 847 1224; x_wconf 85' lang='lat' dir='ltr'><strong>novas</strong></span> <span class='ocrx_word' id='word_1_60' title='bbox 860 1163 895 1226; x_wconf 92' lang='lat' dir='ltr'><strong>et</strong></span> <span class='ocrx_word' id='word_1_61' title='bbox 908 1154 1075 1224; x_wconf 83' lang='lat' dir='ltr'><strong>inusitatas</strong></span> <span class='ocrx_word' id='word_1_62' title='bbox 1086 1155 1121 1224; x_wconf 89' lang='lat' dir='ltr'><strong>iu</strong></span> <span class='ocrx_word' id='word_1_63' title='bbox 1136 1153 1244 1224; x_wconf 82' lang='lat' dir='ltr'><strong>Persis</strong></span> <span class='ocrx_word' id='word_1_64' title='bbox 1264 1153 1369 1222; x_wconf 87' lang='lat' dir='ltr'><strong>inter-</strong></span> 
     </span>
     <span class='ocr_line' id='line_1_9' title="bbox 249 1255 1370 1349; baseline 0 -23"><span class='ocrx_word' id='word_1_65' title='bbox 249 1257 415 1328; x_wconf 86' lang='lat' dir='ltr'><strong>·iectiones</strong></span> <span class='ocrx_word' id='word_1_66' title='bbox 430 1256 728 1349; x_wconf 86' lang='lat' dir='ltr'><strong>deprehendimus.</strong></span> <span class='ocrx_word' id='word_1_67' title='bbox 781 1257 853 1329; x_wconf 82' lang='lat' dir='ltr'><strong>Sed</strong></span> <span class='ocrx_word' id='word_1_68' title='bbox 869 1257 958 1328; x_wconf 88' lang='lat' dir='ltr'><strong>haec</strong></span> <span class='ocrx_word' id='word_1_69' title='bbox 977 1257 1133 1348; x_wconf 88' lang='lat' dir='ltr'><strong>quidem,</strong></span> <span class='ocrx_word' id='word_1_70' title='bbox 1157 1279 1247 1348; x_wconf 86' lang='lat' dir='ltr'><strong>qnae</strong></span> <span class='ocrx_word' id='word_1_71' title='bbox 1261 1255 1370 1344; x_wconf 89' lang='lat' dir='ltr'><strong>attuli,</strong></span> 
     </span>
     <span class='ocr_line' id='line_1_10' title="bbox 255 1359 1370 1454; baseline 0 -24"><span class='ocrx_word' id='word_1_72' title='bbox 255 1360 356 1430; x_wconf 86' lang='lat' dir='ltr'><strong>etiarn</strong></span> <span class='ocrx_word' id='word_1_73' title='bbox 375 1361 411 1432; x_wconf 85' lang='lat' dir='ltr'><strong>iu</strong></span> <span class='ocrx_word' id='word_1_74' title='bbox 431 1360 669 1454; x_wconf 77' lang='lat' dir='ltr'><strong>supplicibus,</strong></span> <span class='ocrx_word' id='word_1_75' title='bbox 702 1361 778 1453; x_wconf 80' lang='lat' dir='ltr'><strong>pari</strong></span> <span class='ocrx_word' id='word_1_76' title='bbox 795 1361 832 1429; x_wconf 91' lang='lat' dir='ltr'><strong>in</strong></span> <span class='ocrx_word' id='word_1_77' title='bbox 858 1383 994 1447; x_wconf 83' lang='lat' dir='ltr'><strong>caussa,</strong></span> <span class='ocrx_word' id='word_1_78' title='bbox 1032 1368 1190 1452; x_wconf 82' lang='lat' dir='ltr'><strong>usurpata</strong></span> <span class='ocrx_word' id='word_1_79' title='bbox 1207 1359 1370 1430; x_wconf 80' lang='lat' dir='ltr'><strong>ridemur.</strong></span> 
     </span>
     <span class='ocr_line' id='line_1_11' title="bbox 253 1461 1370 1555; baseline -0.004 -21"><span class='ocrx_word' id='word_1_80' title='bbox 253 1463 393 1534; x_wconf 77' lang='lat' dir='ltr'><strong>Praeter</strong></span> <span class='ocrx_word' id='word_1_81' title='bbox 414 1461 635 1534; x_wconf 81' lang='lat' dir='ltr'><strong>tractantem</strong></span> <span class='ocrx_word' id='word_1_82' title='bbox 661 1465 731 1534; x_wconf 91' lang='lat' dir='ltr'><strong>duo</strong></span> <span class='ocrx_word' id='word_1_83' title='bbox 754 1472 846 1548; x_wconf 89' lang='lat' dir='ltr'><strong>sunt,</strong></span> <span class='ocrx_word' id='word_1_84' title='bbox 879 1485 969 1554; x_wconf 88' lang='lat' dir='ltr'><strong>qaae</strong></span> <span class='ocrx_word' id='word_1_85' title='bbox 996 1464 1031 1532; x_wconf 91' lang='lat' dir='ltr'><strong>in</strong></span> <span class='ocrx_word' id='word_1_86' title='bbox 1049 1463 1158 1533; x_wconf 85' lang='lat' dir='ltr'><strong>Persis</strong></span> <span class='ocrx_word' id='word_1_87' title='bbox 1176 1462 1370 1555; x_wconf 75' lang='lat' dir='ltr'><strong>singularia,</strong></span> 
     </span>
     <span class='ocr_line' id='line_1_12' title="bbox 254 1565 1372 1660; baseline -0.001 -23"><span class='ocrx_word' id='word_1_88' title='bbox 254 1568 498 1660; x_wconf 86' lang='lat' dir='ltr'><strong>praeclaroque</strong></span> <span class='ocrx_word' id='word_1_89' title='bbox 515 1568 650 1638; x_wconf 83' lang='lat' dir='ltr'><strong>inventa</strong></span> <span class='ocrx_word' id='word_1_90' title='bbox 664 1567 789 1638; x_wconf 91' lang='lat' dir='ltr'><strong>iudicio</strong></span> <span class='ocrx_word' id='word_1_91' title='bbox 807 1566 984 1640; x_wconf 89' lang='lat' dir='ltr'><strong>accedunt.</strong></span> <span class='ocrx_word' id='word_1_92' title='bbox 1036 1566 1170 1638; x_wconf 87' lang='lat' dir='ltr'><strong>lioruru</strong></span> <span class='ocrx_word' id='word_1_93' title='bbox 1185 1587 1289 1636; x_wconf 91' lang='lat' dir='ltr'><strong>unum</strong></span> <span class='ocrx_word' id='word_1_94' title='bbox 1310 1565 1372 1636; x_wconf 87' lang='lat' dir='ltr'><strong>illa</strong></span> 
     </span>
     <span class='ocr_line' id='line_1_13' title="bbox 253 1667 1372 1764; baseline -0.004 -22"><span class='ocrx_word' id='word_1_95' title='bbox 253 1671 423 1755; x_wconf 86' lang='lat' dir='ltr'><strong>continet,</strong></span> <span class='ocrx_word' id='word_1_96' title='bbox 448 1669 569 1759; x_wconf 88' lang='lat' dir='ltr'><strong>quibus</strong></span> <span class='ocrx_word' id='word_1_97' title='bbox 596 1693 634 1740; x_wconf 89' lang='lat' dir='ltr'><strong>re</strong></span> <span class='ocrx_word' id='word_1_98' title='bbox 661 1693 740 1742; x_wconf 86' lang='lat' dir='ltr'><strong>vera</strong></span> <span class='ocrx_word' id='word_1_99' title='bbox 758 1670 941 1764; x_wconf 84' lang='lat' dir='ltr'><strong>peregrina</strong></span> <span class='ocrx_word' id='word_1_100' title='bbox 962 1669 1053 1742; x_wconf 80' lang='lat' dir='ltr'><strong>facta</strong></span> <span class='ocrx_word' id='word_1_101' title='bbox 1069 1667 1248 1739; x_wconf 77' lang='lat' dir='ltr'><strong>ortomtio.</strong></span> <span class='ocrx_word' id='word_1_102' title='bbox 1298 1669 1372 1754; x_wconf 72' lang='lat' dir='ltr'><strong>Ne·</strong></span> 
     </span>
     <span class='ocr_line' id='line_1_14' title="bbox 253 1771 1372 1865; baseline 0.001 -25"><span class='ocrx_word' id='word_1_103' title='bbox 253 1794 323 1863; x_wconf 89' lang='lat' dir='ltr'><strong>qne</strong></span> <span class='ocrx_word' id='word_1_104' title='bbox 351 1771 440 1842; x_wconf 87' lang='lat' dir='ltr'><strong>enirn</strong></span> <span class='ocrx_word' id='word_1_105' title='bbox 459 1772 609 1865; x_wconf 83' lang='lat' dir='ltr'><strong>neglexit</strong></span> <span class='ocrx_word' id='word_1_106' title='bbox 635 1783 759 1865; x_wconf 85' lang='lat' dir='ltr'><strong>poeta,</strong></span> <span class='ocrx_word' id='word_1_107' title='bbox 798 1775 1000 1858; x_wconf 87' lang='lat' dir='ltr'><strong>orationem,</strong></span> <span class='ocrx_word' id='word_1_108' title='bbox 1040 1782 1201 1863; x_wconf 81' lang='lat' dir='ltr'><strong>qnantum</strong></span> <span class='ocrx_word' id='word_1_109' title='bbox 1232 1771 1372 1863; x_wconf 83' lang='lat' dir='ltr'><strong>quidem</strong></span> 
     </span>
     <span class='ocr_line' id='line_1_15' title="bbox 253 1874 1372 1969; baseline 0 -25"><span class='ocrx_word' id='word_1_110' title='bbox 253 1893 318 1967; x_wconf 87' lang='lat' dir='ltr'><strong>per</strong></span> <span class='ocrx_word' id='word_1_111' title='bbox 338 1874 492 1946; x_wconf 78' lang='lat' dir='ltr'><strong>Graecae</strong></span> <span class='ocrx_word' id='word_1_112' title='bbox 509 1876 646 1968; x_wconf 83' lang='lat' dir='ltr'><strong>linguae</strong></span> <span class='ocrx_word' id='word_1_113' title='bbox 666 1877 817 1946; x_wconf 80' lang='lat' dir='ltr'><strong>indolem</strong></span> <span class='ocrx_word' id='word_1_114' title='bbox 837 1876 912 1946; x_wconf 89' lang='lat' dir='ltr'><strong>lieri</strong></span> <span class='ocrx_word' id='word_1_115' title='bbox 930 1885 1061 1969; x_wconf 86' lang='lat' dir='ltr'><strong>posset,</strong></span> <span class='ocrx_word' id='word_1_116' title='bbox 1096 1875 1231 1946; x_wconf 87' lang='lat' dir='ltr'><strong>orientis</strong></span> <span class='ocrx_word' id='word_1_117' title='bbox 1254 1896 1372 1967; x_wconf 86' lang='lat' dir='ltr'><strong>popu·</strong></span> 
     </span>
     <span class='ocr_line' id='line_1_16' title="bbox 253 1977 1371 2050; baseline 0.001 -4"><span class='ocrx_word' id='word_1_118' title='bbox 253 1979 367 2048; x_wconf 89' lang='lat' dir='ltr'><strong>lomm</strong></span> <span class='ocrx_word' id='word_1_119' title='bbox 392 1978 538 2048; x_wconf 86' lang='lat' dir='ltr'><strong>sermoni</strong></span> <span class='ocrx_word' id='word_1_120' title='bbox 567 1979 838 2050; x_wconf 87' lang='lat' dir='ltr'><strong>accommodare.</strong></span> <span class='ocrx_word' id='word_1_121' title='bbox 905 1979 945 2048; x_wconf 89' lang='lat' dir='ltr'><strong>ln</strong></span> <span class='ocrx_word' id='word_1_122' title='bbox 968 1977 1022 2048; x_wconf 84' lang='lat' dir='ltr'><strong>bis</strong></span> <span class='ocrx_word' id='word_1_123' title='bbox 1047 1999 1117 2048; x_wconf 91' lang='lat' dir='ltr'><strong>nou</strong></span> <span class='ocrx_word' id='word_1_124' title='bbox 1147 1978 1371 2049; x_wconf 66' lang='lat' dir='ltr'><strong>dubitaverim</strong></span> 
     </span>
     <span class='ocr_line' id='line_1_17' title="bbox 254 2080 1372 2174; baseline 0 -24"><span class='ocrx_word' id='word_1_125' title='bbox 254 2080 329 2174; x_wconf 80' lang='lat' dir='ltr'><strong>ipsa</strong></span> <span class='ocrx_word' id='word_1_126' title='bbox 348 2081 525 2152; x_wconf 75' lang='lat' dir='ltr'><strong>Persarum</strong></span> <span class='ocrx_word' id='word_1_127' title='bbox 546 2082 682 2151; x_wconf 87' lang='lat' dir='ltr'><strong>nomina</strong></span> <span class='ocrx_word' id='word_1_128' title='bbox 702 2105 851 2174; x_wconf 90' lang='lat' dir='ltr'><strong>ponere,</strong></span> <span class='ocrx_word' id='word_1_129' title='bbox 883 2105 970 2172; x_wconf 89' lang='lat' dir='ltr'><strong>quae</strong></span> <span class='ocrx_word' id='word_1_130' title='bbox 994 2081 1022 2150; x_wconf 87' lang='lat' dir='ltr'><strong>si</strong></span> <span class='ocrx_word' id='word_1_131' title='bbox 1046 2081 1106 2154; x_wconf 89' lang='lat' dir='ltr'><strong>hic</strong></span> <span class='ocrx_word' id='word_1_132' title='bbox 1127 2081 1198 2154; x_wconf 87' lang='lat' dir='ltr'><strong>illic</strong></span> <span class='ocrx_word' id='word_1_133' title='bbox 1221 2081 1372 2174; x_wconf 74' lang='lat' dir='ltr'><strong>dispersa</strong></span> 
     </span>
     <span class='ocr_line' id='line_1_18' title="bbox 254 2183 1375 2280; baseline 0 -26"><span class='ocrx_word' id='word_1_134' title='bbox 254 2183 496 2270; x_wconf 83' lang='lat' dir='ltr'><strong>invenirentur,</strong></span> <span class='ocrx_word' id='word_1_135' title='bbox 536 2183 622 2254; x_wconf 87' lang='lat' dir='ltr'><strong>nibil</strong></span> <span class='ocrx_word' id='word_1_136' title='bbox 646 2207 876 2278; x_wconf 83' lang='lat' dir='ltr'><strong>magnopere,</strong></span> <span class='ocrx_word' id='word_1_137' title='bbox 907 2184 1004 2275; x_wconf 91' lang='lat' dir='ltr'><strong>quod</strong></span> <span class='ocrx_word' id='word_1_138' title='bbox 1025 2185 1245 2280; x_wconf 84' lang='lat' dir='ltr'><strong>peregrinum</strong></span> <span class='ocrx_word' id='word_1_139' title='bbox 1263 2183 1375 2254; x_wconf 83' lang='lat' dir='ltr'><strong>rideri</strong></span> 
     </span>
     <span class='ocr_line' id='line_1_19' title="bbox 252 2287 1373 2382; baseline 0 -26"><span class='ocrx_word' id='word_1_140' title='bbox 252 2295 388 2381; x_wconf 86' lang='lat' dir='ltr'><strong>posset,</strong></span> <span class='ocrx_word' id='word_1_141' title='bbox 428 2287 618 2358; x_wconf 79' lang='lat' dir='ltr'><strong>elicerent:</strong></span> <span class='ocrx_word' id='word_1_142' title='bbox 663 2289 725 2358; x_wconf 88' lang='lat' dir='ltr'><strong>sed</strong></span> <span class='ocrx_word' id='word_1_143' title='bbox 752 2297 828 2358; x_wconf 85' lang='lat' dir='ltr'><strong>sunt</strong></span> <span class='ocrx_word' id='word_1_144' title='bbox 848 2311 889 2358; x_wconf 84' lang='lat' dir='ltr'><strong>ea</strong></span> <span class='ocrx_word' id='word_1_145' title='bbox 909 2289 1111 2382; x_wconf 87' lang='lat' dir='ltr'><strong>quibusdam</strong></span> <span class='ocrx_word' id='word_1_146' title='bbox 1133 2289 1170 2358; x_wconf 91' lang='lat' dir='ltr'><strong>in</strong></span> <span class='ocrx_word' id='word_1_147' title='bbox 1190 2288 1274 2360; x_wconf 86' lang='lat' dir='ltr'><strong>locis</strong></span> <span class='ocrx_word' id='word_1_148' title='bbox 1301 2296 1373 2356; x_wconf 84' lang='lat' dir='ltr'><strong>tarn</strong></span> 
     </span>
     <span class='ocr_line' id='line_1_20' title="bbox 254 2391 1371 2486; baseline -0.004 -24"><span class='ocrx_word' id='word_1_149' title='bbox 254 2391 397 2482; x_wconf 83' lang='lat' dir='ltr'><strong>copiose</strong></span> <span class='ocrx_word' id='word_1_150' title='bbox 417 2399 633 2477; x_wconf 81' lang='lat' dir='ltr'><strong>coacervata,</strong></span> <span class='ocrx_word' id='word_1_151' title='bbox 673 2401 710 2461; x_wconf 88' lang='lat' dir='ltr'><strong>nt</strong></span> <span class='ocrx_word' id='word_1_152' title='bbox 731 2392 769 2461; x_wconf 94' lang='lat' dir='ltr'><strong>id</strong></span> <span class='ocrx_word' id='word_1_153' title='bbox 794 2391 840 2460; x_wconf 89' lang='lat' dir='ltr'><strong>de</strong></span> <span class='ocrx_word' id='word_1_154' title='bbox 861 2391 1022 2462; x_wconf 88' lang='lat' dir='ltr'><strong>industria</strong></span> <span class='ocrx_word' id='word_1_155' title='bbox 1046 2393 1176 2465; x_wconf 86' lang='lat' dir='ltr'><strong>facturn</strong></span> <span class='ocrx_word' id='word_1_156' title='bbox 1197 2399 1371 2486; x_wconf 88' lang='lat' dir='ltr'><strong>appareat.</strong></span> 
     </span>
     <span class='ocr_line' id='line_1_21' title="bbox 254 2493 1373 2568; baseline -0.002 -4"><span class='ocrx_word' id='word_1_157' title='bbox 254 2493 336 2564; x_wconf 86' lang='lat' dir='ltr'><strong>Hoc</strong></span> <span class='ocrx_word' id='word_1_158' title='bbox 364 2493 470 2562; x_wconf 89' lang='lat' dir='ltr'><strong>modo</strong></span> <span class='ocrx_word' id='word_1_159' title='bbox 493 2504 605 2564; x_wconf 85' lang='lat' dir='ltr'><strong>autern</strong></span> <span class='ocrx_word' id='word_1_160' title='bbox 632 2494 773 2566; x_wconf 84' lang='lat' dir='ltr'><strong>Graecis</strong></span> <span class='ocrx_word' id='word_1_161' title='bbox 801 2496 940 2568; x_wconf 79' lang='lat' dir='ltr'><strong>uocibus</strong></span> <span class='ocrx_word' id='word_1_162' title='bbox 959 2498 1173 2566; x_wconf 81' lang='lat' dir='ltr'><strong>Persicorum</strong></span> <span class='ocrx_word' id='word_1_163' title='bbox 1198 2496 1373 2566; x_wconf 89' lang='lat' dir='ltr'><strong>norninaru</strong></span> 
     </span>
     <span class='ocr_line' id='line_1_22' title="bbox 254 2595 1480 2696; baseline -0.003 -30"><span class='ocrx_word' id='word_1_164' title='bbox 254 2595 467 2666; x_wconf 87' lang='lat' dir='ltr'><strong>multitudine</strong></span> <span class='ocrx_word' id='word_1_165' title='bbox 498 2597 625 2666; x_wconf 90' lang='lat' dir='ltr'><strong>obrutis</strong></span> <span class='ocrx_word' id='word_1_166' title='bbox 656 2606 691 2667; x_wconf 92' lang='lat' dir='ltr'><strong>et</strong></span> <span class='ocrx_word' id='word_1_167' title='bbox 716 2598 810 2687; x_wconf 84' lang='lat' dir='ltr'><strong>qnasi</strong></span> <span class='ocrx_word' id='word_1_168' title='bbox 838 2597 1001 2687; x_wconf 75' lang='lat' dir='ltr'><strong>expulsis,</strong></span> <span class='ocrx_word' id='word_1_169' title='bbox 1046 2599 1122 2669; x_wconf 86' lang='lat' dir='ltr'><strong>fieri</strong></span> <span class='ocrx_word' id='word_1_170' title='bbox 1148 2617 1217 2664; x_wconf 88' lang='lat' dir='ltr'><strong>non</strong></span> <span class='ocrx_word' id='word_1_171' title='bbox 1247 2597 1371 2688; x_wconf 87' lang='lat' dir='ltr'><strong>potnit,</strong></span> <span class='ocrx_word' id='word_1_172' title='bbox 1476 2689 1480 2696; x_wconf 31' lang='grc' dir='ltr'>Ι</span> 
     </span>
     <span class='ocr_line' id='line_1_23' title="bbox 253 2697 1373 2791; baseline -0.001 -23"><span class='ocrx_word' id='word_1_173' title='bbox 253 2697 337 2789; x_wconf 91' lang='lat' dir='ltr'><strong>quin</strong></span> <span class='ocrx_word' id='word_1_174' title='bbox 351 2699 520 2790; x_wconf 81' lang='lat' dir='ltr'><strong>aptissima</strong></span> <span class='ocrx_word' id='word_1_175' title='bbox 540 2700 690 2791; x_wconf 85' lang='lat' dir='ltr'><strong>quadam</strong></span> <span class='ocrx_word' id='word_1_176' title='bbox 708 2701 911 2789; x_wconf 87' lang='lat' dir='ltr'><strong>minimeque</strong></span> <span class='ocrx_word' id='word_1_177' title='bbox 933 2699 1080 2768; x_wconf 83' lang='lat' dir='ltr'><strong>violenta</strong></span> <span class='ocrx_word' id='word_1_178' title='bbox 1105 2699 1235 2768; x_wconf 84' lang='lat' dir='ltr'><strong>ratione</strong></span> <span class='ocrx_word' id='word_1_179' title='bbox 1258 2700 1373 2768; x_wconf 87' lang='lat' dir='ltr'><strong>omnia</strong></span> 
     </span>
     <span class='ocr_line' id='line_1_24' title="bbox 254 2801 1373 2894; baseline 0.004 -24"><span class='ocrx_word' id='word_1_180' title='bbox 254 2801 467 2873; x_wconf 87' lang='lat' dir='ltr'><strong>barbaricam</strong></span> <span class='ocrx_word' id='word_1_181' title='bbox 489 2803 639 2894; x_wconf 87' lang='lat' dir='ltr'><strong>speciem</strong></span> <span class='ocrx_word' id='word_1_182' title='bbox 660 2802 848 2872; x_wconf 78' lang='lat' dir='ltr'><strong>induerent</strong></span> <span class='ocrx_word' id='word_1_183' title='bbox 906 2801 977 2874; x_wconf 80' lang='lat' dir='ltr'><strong>seu</strong></span> <span class='ocrx_word' id='word_1_184' title='bbox 997 2801 1373 2894; x_wconf 74' lang='lat' dir='ltr'><strong>praetereaGraecam</strong></span> 
     </span>
     <span class='ocr_line' id='line_1_25' title="bbox 254 2904 1373 2998; baseline -0.001 -24"><span class='ocrx_word' id='word_1_185' title='bbox 254 2925 395 2994; x_wconf 85' lang='lat' dir='ltr'><strong>quoque</strong></span> <span class='ocrx_word' id='word_1_186' title='bbox 423 2905 628 2992; x_wconf 87' lang='lat' dir='ltr'><strong>orationem,</strong></span> <span class='ocrx_word' id='word_1_187' title='bbox 666 2906 728 2973; x_wconf 87' lang='lat' dir='ltr'><strong>ubi</strong></span> <span class='ocrx_word' id='word_1_188' title='bbox 751 2904 789 2973; x_wconf 91' lang='lat' dir='ltr'><strong>id</strong></span> <span class='ocrx_word' id='word_1_189' title='bbox 820 2904 1001 2976; x_wconf 89' lang='lat' dir='ltr'><strong>commode</strong></span> <span class='ocrx_word' id='word_1_190' title='bbox 1027 2906 1103 2975; x_wconf 85' lang='lat' dir='ltr'><strong>lieri</strong></span> <span class='ocrx_word' id='word_1_191' title='bbox 1125 2913 1280 2998; x_wconf 88' lang='lat' dir='ltr'><strong>poterat,</strong></span> <span class='ocrx_word' id='word_1_192' title='bbox 1326 2904 1373 2973; x_wconf 82' lang='lat' dir='ltr'><strong>ad</strong></span> 
     </span>
     <span class='ocr_line' id='line_1_26' title="bbox 260 3006 1373 3100; baseline 0 -22"><span class='ocrx_word' id='word_1_193' title='bbox 260 3007 455 3100; x_wconf 83' lang='lat' dir='ltr'><strong>exemplum</strong></span> <span class='ocrx_word' id='word_1_194' title='bbox 477 3009 611 3080; x_wconf 84' lang='lat' dir='ltr'><strong>orientis</strong></span> <span class='ocrx_word' id='word_1_195' title='bbox 634 3007 826 3100; x_wconf 87' lang='lat' dir='ltr'><strong>linguarum</strong></span> <span class='ocrx_word' id='word_1_196' title='bbox 845 3006 1092 3080; x_wconf 78' lang='lat' dir='ltr'><strong>conformatam</strong></span> <span class='ocrx_word' id='word_1_197' title='bbox 1116 3009 1285 3078; x_wconf 86' lang='lat' dir='ltr'><strong>videmus·</strong></span> <span class='ocrx_word' id='word_1_198' title='bbox 1310 3029 1373 3078; x_wconf 92' lang='lat' dir='ltr'><strong>cu-</strong></span> 
     </span>
     <span class='ocr_line' id='line_1_27' title="bbox 211 3109 1373 3216; baseline 0 -38"><span class='ocrx_word' id='word_1_199' title='bbox 211 3110 311 3180; x_wconf 75' lang='lat' dir='ltr'><strong>lssias</strong></span> <span class='ocrx_word' id='word_1_200' title='bbox 330 3111 463 3204; x_wconf 88' lang='lat' dir='ltr'><strong>generis</strong></span> <span class='ocrx_word' id='word_1_201' title='bbox 491 3111 580 3182; x_wconf 89' lang='lat' dir='ltr'><strong>duae</strong></span> <span class='ocrx_word' id='word_1_202' title='bbox 600 3111 807 3203; x_wconf 86' lang='lat' dir='ltr'><strong>potissimum</strong></span> <span class='ocrx_word' id='word_1_203' title='bbox 835 3109 967 3198; x_wconf 82' lang='lat' dir='ltr'><strong>formae</strong></span> <span class='ocrx_word' id='word_1_204' title='bbox 991 3113 1156 3216; x_wconf 79' lang='lat' dir='ltr'><strong>notabiles</strong></span> <span class='ocrx_word' id='word_1_205' title='bbox 1178 3121 1269 3196; x_wconf 87' lang='lat' dir='ltr'><strong>sunt,</strong></span> <span class='ocrx_word' id='word_1_206' title='bbox 1294 3133 1373 3198; x_wconf 87' lang='lat' dir='ltr'><strong>nna,</strong></span> 
     </span>
     <span class='ocr_line' id='line_1_28' title="bbox 256 3203 1375 3310; baseline 0.002 -28"><span class='ocrx_word' id='word_1_207' title='bbox 256 3235 327 3303; x_wconf 87' lang='lat' dir='ltr'><strong>qua</strong></span> <span class='ocrx_word' id='word_1_208' title='bbox 350 3235 476 3284; x_wconf 87' lang='lat' dir='ltr'><strong>nomen</strong></span> <span class='ocrx_word' id='word_1_209' title='bbox 506 3215 624 3285; x_wconf 87' lang='lat' dir='ltr'><strong>addito</strong></span> <span class='ocrx_word' id='word_1_210' title='bbox 648 3213 802 3286; x_wconf 89' lang='lat' dir='ltr'><strong>eiusdem</strong></span> <span class='ocrx_word' id='word_1_211' title='bbox 828 3213 971 3286; x_wconf 82' lang='lat' dir='ltr'><strong>nominis</strong></span> <span class='ocrx_word' id='word_1_212' title='bbox 1004 3203 1154 3310; x_wconf 78' lang='lat' dir='ltr'><strong>genitivo</strong></span> <span class='ocrx_word' id='word_1_213' title='bbox 1197 3215 1375 3290; x_wconf 79' lang='lat' dir='ltr'><strong>fortiorem</strong></span> 
     </span>
     <span class='ocr_line' id='line_1_29' title="bbox 256 3309 1374 3411; baseline 0.005 -27"><span class='ocrx_word' id='word_1_214' title='bbox 256 3315 441 3407; x_wconf 85' lang='lat' dir='ltr'><strong>quamdam</strong></span> <span class='ocrx_word' id='word_1_215' title='bbox 455 3317 735 3411; x_wconf 78' lang='lat' dir='ltr'><strong>significationem</strong></span> <span class='ocrx_word' id='word_1_216' title='bbox 755 3319 896 3410; x_wconf 89' lang='lat' dir='ltr'><strong>accipit,</strong></span> <span class='ocrx_word' id='word_1_217' title='bbox 922 3319 1109 3390; x_wconf 85' lang='lat' dir='ltr'><strong>cuiusmodi</strong></span> <span class='ocrx_word' id='word_1_218' title='bbox 1125 3327 1200 3388; x_wconf 87' lang='lat' dir='ltr'><strong>sunt</strong></span> <span class='ocrx_word' id='word_1_219' title='bbox 1211 3309 1374 3391; x_wconf 79' lang='lat' dir='ltr'><strong>daouiro</strong></span> 
     </span>
     <span class='ocr_line' id='line_1_30' title="bbox 257 3414 1403 3540; baseline -0.003 -46"><span class='ocrx_word' id='word_1_220' title='bbox 257 3414 456 3509; x_wconf 75' lang='lat' dir='ltr'><strong>decurione,</strong></span> <span class='ocrx_word' id='word_1_221' title='bbox 487 3428 524 3489; x_wconf 91' lang='lat' dir='ltr'><strong>et</strong></span> <span class='ocrx_word' id='word_1_222' title='bbox 547 3443 663 3491; x_wconf 79' lang='grc' dir='ltr'><strong>πιστα</strong></span> <span class='ocrx_word' id='word_1_223' title='bbox 689 3421 849 3512; x_wconf 66' lang='grc' dir='ltr'><strong>πιστῶς</strong></span> <span class='ocrx_word' id='word_1_224' title='bbox 892 3423 1014 3540; x_wconf 77' lang='lat' dir='ltr'><strong>altera,</strong></span> <span class='ocrx_word' id='word_1_225' title='bbox 1048 3429 1214 3510; x_wconf 82' lang='lat' dir='ltr'><strong>quaeest</strong></span> <span class='ocrx_word' id='word_1_226' title='bbox 1243 3419 1280 3487; x_wconf 87' lang='lat' dir='ltr'><strong>iu</strong></span> <span class='ocrx_word' id='word_1_227' title='bbox 1310 3441 1403 3490; x_wconf 57' lang='lat' dir='ltr'><strong>usn&#39;</strong></span> 
     </span>
     <span class='ocr_line' id='line_1_31' title="bbox 257 3521 1375 3614; baseline 0.002 -24"><span class='ocrx_word' id='word_1_228' title='bbox 257 3521 415 3594; x_wconf 87' lang='lat' dir='ltr'><strong>adiectiri</strong></span> <span class='ocrx_word' id='word_1_229' title='bbox 433 3545 500 3614; x_wconf 92' lang='lat' dir='ltr'><strong>pro</strong></span> <span class='ocrx_word' id='word_1_230' title='bbox 516 3521 772 3608; x_wconf 81' lang='lat' dir='ltr'><strong>substantivo,</strong></span> <span class='ocrx_word' id='word_1_231' title='bbox 762 3543 797 3590; x_wconf 88' lang='grc' dir='ltr'><strong>ιιι</strong></span> <span class='ocrx_word' id='word_1_232' title='bbox 822 3521 939 3614; x_wconf 85' lang='lat' dir='ltr'><strong>primia</strong></span> <span class='ocrx_word' id='word_1_233' title='bbox 964 3525 1023 3594; x_wconf 87' lang='lat' dir='ltr'><strong>illa</strong></span> <span class='ocrx_word' id='word_1_234' title='bbox 1042 3524 1187 3594; x_wconf 84' lang='lat' dir='ltr'><strong>insoleus</strong></span> <span class='ocrx_word' id='word_1_235' title='bbox 1210 3521 1375 3614; x_wconf 86' lang='lat' dir='ltr'><strong>quiddam</strong></span> 
     </span>
     <span class='ocr_line' id='line_1_32' title="bbox 257 3626 1374 3754; baseline 0 -60"><span class='ocrx_word' id='word_1_236' title='bbox 257 3632 293 3694; x_wconf 88' lang='lat' dir='ltr'><strong>et</strong></span> <span class='ocrx_word' id='word_1_237' title='bbox 318 3647 361 3695; x_wconf 85' lang='lat' dir='ltr'><strong>ex</strong></span> <span class='ocrx_word' id='word_1_238' title='bbox 385 3626 568 3754; x_wconf 78' lang='lat' dir='ltr'><strong>peregrina</strong></span> <span class='ocrx_word' id='word_1_239' title='bbox 595 3626 691 3718; x_wconf 88' lang='lat' dir='ltr'><strong>poesi</strong></span> <span class='ocrx_word' id='word_1_240' title='bbox 720 3626 963 3719; x_wconf 88' lang='lat' dir='ltr'><strong>depromptum</strong></span> <span class='ocrx_word' id='word_1_241' title='bbox 986 3649 1071 3719; x_wconf 88' lang='lat' dir='ltr'><strong>prae</strong></span> <span class='ocrx_word' id='word_1_242' title='bbox 1098 3649 1134 3698; x_wconf 92' lang='lat' dir='ltr'><strong>se</strong></span> <span class='ocrx_word' id='word_1_243' title='bbox 1165 3627 1296 3712; x_wconf 84' lang='lat' dir='ltr'><strong>ferens,</strong></span> <span class='ocrx_word' id='word_1_244' title='bbox 1336 3633 1374 3694; x_wconf 88' lang='lat' dir='ltr'><strong>nt</strong></span> 
     </span>
     <span class='ocr_line' id='line_1_33' title="bbox 257 3722 1375 3826; baseline 0.005 -30"><span class='ocrx_word' id='word_1_245' title='bbox 257 3749 363 3818; x_wconf 90' lang='lat' dir='ltr'><strong>quum</strong></span> <span class='ocrx_word' id='word_1_246' title='bbox 382 3722 677 3822; x_wconf 65' lang='lat' dir='ltr'><strong>saviniciaco,</strong></span> <span class='ocrx_word' id='word_1_247' title='bbox 713 3722 1074 3826; x_wconf 71' lang='lat' dir='ltr'><strong>criucirdrpobqyo&#39;u,</strong></span> <span class='ocrx_word' id='word_1_248' title='bbox 1105 3722 1174 3826; x_wconf 70' lang='grc' dir='ltr'><strong>τήν</strong></span> <span class='ocrx_word' id='word_1_249' title='bbox 1207 3729 1375 3803; x_wconf 71' lang='lat' dir='ltr'><strong>rimorid—</strong></span> 
     </span>
     <span class='ocr_line' id='line_1_34' title="bbox 258 3830 1375 3922; baseline -0.004 -19"><span class='ocrx_word' id='word_1_250' title='bbox 258 3853 378 3922; x_wconf 73' lang='lat' dir='ltr'><strong>ruoro</strong></span> <span class='ocrx_word' id='word_1_251' title='bbox 393 3830 481 3917; x_wconf 89' lang='lat' dir='ltr'><strong>dici,</strong></span> <span class='ocrx_word' id='word_1_252' title='bbox 507 3853 575 3900; x_wconf 92' lang='lat' dir='ltr'><strong>non</strong></span> <span class='ocrx_word' id='word_1_253' title='bbox 595 3831 717 3900; x_wconf 87' lang='lat' dir='ltr'><strong>additis</strong></span> <span class='ocrx_word' id='word_1_254' title='bbox 741 3833 932 3904; x_wconf 77' lang='lat' dir='ltr'><strong>nominibus</strong></span> <span class='ocrx_word' id='word_1_255' title='bbox 950 3834 1177 3918; x_wconf 76' lang='lat' dir='ltr'><strong>substantivis,</strong></span> <span class='ocrx_word' id='word_1_256' title='bbox 1204 3845 1316 3918; x_wconf 81' lang='lat' dir='ltr'><strong>maro,</strong></span> <span class='ocrx_word' id='word_1_257' title='bbox 1342 3840 1375 3902; x_wconf 90' lang='lat' dir='ltr'><strong>et</strong></span> 
     </span>
     <span class='ocr_line' id='line_1_35' title="bbox 258 3928 855 4026; baseline 0.01 -26"><span class='ocrx_word' id='word_1_258' title='bbox 258 3953 362 4022; x_wconf 88' lang='lat' dir='ltr'><strong>apem</strong></span> <span class='ocrx_word' id='word_1_259' title='bbox 387 3942 422 4004; x_wconf 90' lang='lat' dir='ltr'><strong>et</strong></span> <span class='ocrx_word' id='word_1_260' title='bbox 444 3934 641 4026; x_wconf 87' lang='lat' dir='ltr'><strong>pharetram</strong></span> <span class='ocrx_word' id='word_1_261' title='bbox 666 3928 855 4025; x_wconf 76' lang='lat' dir='ltr'><strong>designans</strong></span> 
     </span>
     <span class='ocr_line' id='line_1_36' title="bbox 360 4035 1374 4129; baseline 0 -23"><span class='ocrx_word' id='word_1_262' title='bbox 360 4036 514 4108; x_wconf 86' lang='lat' dir='ltr'><strong>Alterum</strong></span> <span class='ocrx_word' id='word_1_263' title='bbox 529 4035 633 4123; x_wconf 85' lang='lat' dir='ltr'><strong>illud,</strong></span> <span class='ocrx_word' id='word_1_264' title='bbox 658 4037 753 4127; x_wconf 91' lang='lat' dir='ltr'><strong>qnod</strong></span> <span class='ocrx_word' id='word_1_265' title='bbox 774 4035 944 4129; x_wconf 85' lang='lat' dir='ltr'><strong>singrrlare</strong></span> <span class='ocrx_word' id='word_1_266' title='bbox 957 4036 992 4104; x_wconf 89' lang='lat' dir='ltr'><strong>in</strong></span> <span class='ocrx_word' id='word_1_267' title='bbox 1011 4037 1120 4107; x_wconf 87' lang='lat' dir='ltr'><strong>Persis</strong></span> <span class='ocrx_word' id='word_1_268' title='bbox 1139 4035 1272 4108; x_wconf 86' lang='lat' dir='ltr'><strong>videtur</strong></span> <span class='ocrx_word' id='word_1_269' title='bbox 1292 4057 1374 4120; x_wconf 80' lang='lat' dir='ltr'><strong>esse,</strong></span> 
     </span>
     <span class='ocr_line' id='line_1_37' title="bbox 258 4138 1376 4232; baseline 0 -24"><span class='ocrx_word' id='word_1_270' title='bbox 258 4139 307 4208; x_wconf 87' lang='lat' dir='ltr'><strong>ita</strong></span> <span class='ocrx_word' id='word_1_271' title='bbox 334 4151 569 4232; x_wconf 86' lang='lat' dir='ltr'><strong>comparatum</strong></span> <span class='ocrx_word' id='word_1_272' title='bbox 590 4149 657 4226; x_wconf 84' lang='lat' dir='ltr'><strong>est,</strong></span> <span class='ocrx_word' id='word_1_273' title='bbox 701 4148 740 4212; x_wconf 92' lang='lat' dir='ltr'><strong>nt</strong></span> <span class='ocrx_word' id='word_1_274' title='bbox 765 4140 879 4210; x_wconf 82' lang='lat' dir='ltr'><strong>senu&#39;ri</strong></span> <span class='ocrx_word' id='word_1_275' title='bbox 906 4139 1059 4226; x_wconf 81' lang='lat' dir='ltr'><strong>facilius,</strong></span> <span class='ocrx_word' id='word_1_276' title='bbox 1095 4161 1199 4230; x_wconf 85' lang='lat' dir='ltr'><strong>quam</strong></span> <span class='ocrx_word' id='word_1_277' title='bbox 1231 4138 1376 4210; x_wconf 84' lang='lat' dir='ltr'><strong>describi</strong></span> 
     </span>
     <span class='ocr_line' id='line_1_38' title="bbox 259 4240 1377 4336; baseline 0.007 -28"><span class='ocrx_word' id='word_1_278' title='bbox 259 4240 375 4333; x_wconf 82' lang='lat' dir='ltr'><strong>possit.</strong></span> <span class='ocrx_word' id='word_1_279' title='bbox 436 4243 499 4312; x_wconf 86' lang='lat' dir='ltr'><strong>Est</strong></span> <span class='ocrx_word' id='word_1_280' title='bbox 528 4243 616 4314; x_wconf 87' lang='lat' dir='ltr'><strong>illud</strong></span> <span class='ocrx_word' id='word_1_281' title='bbox 648 4245 685 4313; x_wconf 90' lang='lat' dir='ltr'><strong>in</strong></span> <span class='ocrx_word' id='word_1_282' title='bbox 714 4243 842 4336; x_wconf 70' lang='lat' dir='ltr'><strong>agitatu</strong></span> <span class='ocrx_word' id='word_1_283' title='bbox 868 4242 930 4312; x_wconf 86' lang='lat' dir='ltr'><strong>illa</strong></span> <span class='ocrx_word' id='word_1_284' title='bbox 961 4252 996 4314; x_wconf 89' lang='lat' dir='ltr'><strong>et</strong></span> <span class='ocrx_word' id='word_1_285' title='bbox 1021 4244 1202 4314; x_wconf 81' lang='lat' dir='ltr'><strong>fluctuante</strong></span> <span class='ocrx_word' id='word_1_286' title='bbox 1225 4243 1377 4316; x_wconf 73' lang='lat' dir='ltr'><strong>oratiuue</strong></span> 
     </span>
     <span class='ocr_line' id='line_1_39' title="bbox 259 4344 1376 4440; baseline 0.001 -25"><span class='ocrx_word' id='word_1_287' title='bbox 259 4345 425 4436; x_wconf 84' lang='lat' dir='ltr'><strong>positum,</strong></span> <span class='ocrx_word' id='word_1_288' title='bbox 451 4367 541 4438; x_wconf 91' lang='lat' dir='ltr'><strong>qnae</strong></span> <span class='ocrx_word' id='word_1_289' title='bbox 563 4347 598 4418; x_wconf 89' lang='lat' dir='ltr'><strong>iu</strong></span> <span class='ocrx_word' id='word_1_290' title='bbox 619 4348 820 4421; x_wconf 82' lang='lat' dir='ltr'><strong>carminibus</strong></span> <span class='ocrx_word' id='word_1_291' title='bbox 843 4345 990 4420; x_wconf 79' lang='lat' dir='ltr'><strong>oboriris</strong></span> <span class='ocrx_word' id='word_1_292' title='bbox 1010 4357 1046 4418; x_wconf 88' lang='lat' dir='ltr'><strong>et</strong></span> <span class='ocrx_word' id='word_1_293' title='bbox 1066 4346 1265 4440; x_wconf 87' lang='lat' dir='ltr'><strong>repetitione</strong></span> <span class='ocrx_word' id='word_1_294' title='bbox 1287 4344 1376 4416; x_wconf 71' lang='lat' dir='ltr'><strong>cim·</strong></span> 
     </span>
    </p>
   </div>
   <div class='ocr_carea' id='block_1_3' title="bbox 0 0 1550 5026">
    <p class='ocr_par' dir='ltr' id='par_1_3' title="bbox 0 0 1550 5026">
     <span class='ocr_line' id='line_1_40' title="bbox 0 0 1550 5026; baseline 0 0"><span class='ocrx_word' id='word_1_295' title='bbox 0 0 1550 5026; x_wconf 95' lang='lat' dir='ltr'><strong> </strong></span> 
     </span>
    </p>
   </div>
  </div>
 </body>
</html>
