3120 5030
230 309 309 391 rno'
334 323 600 406 nmrovrrnrr
628 325 773 390 onrnur
801 323 1023 390 arcemur.
1046 324 1215 388 marris.
1257 327 1301 394 ra

187 498 323 592 gravius
338 498 438 570 otiam
452 500 587 592 pondus
603 497 753 594 opinioni
770 500 840 572 eius
862 496 1021 570 additura
1040 489 1188 573 luissent.
1239 495 1300 575 sie

184 602 288 695 igitur
312 599 491 694 Orpheusr
916 651 918 660 ι

289 771 478 857 Ναύπλιος
507 767 602 848 αὖθ’
624 781 766 859 ἵκανεν,
790 766 1012 872 Αμνμοίνης
1019 771 1120 867 φίλος
1142 765 1231 863 υἷάς,

290 881 334 955 ὃν
354 883 454 957 τειεν
459 873 673 1006 εὐνηθεῖσα
695 877 895 972 περιαλοτηῐ
916 873 1164 970 Ἐννοσιγαίῳ)

289 977 426 1078 α’νλαδν
445 977 616 1079 ἠνορέην,
644 980 754 1072 δέμας
770 979 903 1053 εἴκελον
915 971 1169 1052 ἀθανάτοισιν

80 1215 84 1220 Ι
186 1119 388 1258 Apollonius
409 1137 510 1188 vero·
874 1170 877 1186 .
1304 1111 1347 1175 14

291 1283 342 1350 τῳ
329 1249 446 1328 ””’δ
425 1279 482 1328 εσι
499 1245 548 1373 δη
557 1249 676 1324 θείοιο
692 1247 765 1324 κίεν
783 1252 949 1324 Δαναοῖο
970 1251 1134 1349 γενέθλη,

292 1327 498 1437 Ναύπλιος·
526 1353 565 1434 dc
582 1379 651 1451 γαρ
666 1354 727 1448 ἔην
742 1347 958 1449 Κλυτονήου
973 1351 1285 1446 Ναυβολίδαο·

291 1454 483 1551 Ναύβολος
496 1484 542 1529 αυ
530 1451 721 1579 Λέρνου·
750 1457 895 1550 Λέρνον
913 1483 957 1579 ηε
976 1455 1046 1548 μίν
1065 1457 1169 1546 ἴδμεν
1190 1449 1300 1528 δόντα

293 1561 487 1688 Προίτου
474 1552 732 1633 Ναυπλιάδαο·
759 1552 987 1631 Ποσειδάωνι
1001 1559 1041 1631 δε
1054 1548 1167 1652 ιιοάρη

291 1662 377 1758 πρίν
400 1653 705 1758 τιοτἈμυμάνη
722 1661 983 1740 devolavisse
1004 1657 1200 1756 εὐνηθεῖσα

291 1759 503 1855 Ναύπλιον,
530 1763 568 1844 ὸς
583 1763 664 1859 περὶ
682 1757 821 1843 πάντας
835 1758 1000 1836 ἐκαίνυτο
1016 1763 1249 1860 ναυτιλίηοιν

190 1935 411 2006 Manifestum
427 1959 505 2004 sane
520 1943 585 2021 est,
610 1932 816 2027 reprehendi
838 1931 897 2002 hic
913 1933 956 2002 ab
978 1931 1166 2024 Apollonio
1181 1957 1346 2025 qaem-.

186 2041 300 2132 piam,
325 2040 385 2129 qni
407 2040 591 2132 Nauplium
610 2039 846 2130 Argonautam
864 2038 1014 2128 Neptuni
1035 2045 1069 2106 et
1089 2039 1302 2128 Amymonae

54 2171 56 2188 ³
188 2143 297 2210 filium
311 2141 547 2234 perhibuisset.
597 2143 644 2212 At
664 2141 735 2212 hoc
754 2163 823 2209 non
846 2161 888 2208 eo
905 2141 1012 2226 valet,
1038 2148 1076 2208 nt
1094 2139 1173 2228 bie,
1198 2163 1302 2233 quem

188 2256 306 2314 notare
331 2245 480 2314 'voluerit
493 2244 708 2335 Apollonius,
747 2241 908 2334 Orpheus
936 2265 1007 2313 esse
1040 2244 1225 2342 censendus
1249 2245 1301 2314 sit.

101 2390 106 2404 ·
187 2350 279 2418 Nam
299 2349 401 2415 etiam
422 2348 479 2414 alii
496 2356 573 2414 ante
587 2346 812 2438 Apollonium
831 2344 876 2411 de
890 2343 1103 2436 expeditione
1117 2348 1303 2437 &genan-

187 2459 300 2519 tarum
312 2449 530 2540 scripserant,
556 2445 600 2516 de
619 2448 740 2537 quibus
752 2446 904 2514 disseruit
918 2447 1157 2518 Groddeckius
1170 2449 1205 2516 iir
1216 2447 1301 2516 bibl.

189 2561 257 2624 vet.
279 2552 343 2624 litt.
360 2560 394 2620 et
413 2559 473 2618 art.
492 2557 579 2643 part.
603 2550 648 2618 ΙΙ.
667 2573 704 2641 p.
726 2546 787 2636 tc.
803 2570 896 2637 seqq.
946 2549 1035 2620 Vide
1052 2550 1152 2620 etiam
1166 2550 1301 2620 Fabric.

188 2653 272 2724 bibl.
290 2654 352 2728 Gr.
377 2654 431 2722 ed.
453 2654 586 2723 Harles.
604 2653 674 2721 vol.
695 2652 740 2720 11.
765 2673 802 2742 p.
829 2649 915 2720 264.
942 2675 968 2722 s.
1018 2654 1084 2740 At,
1108 2653 1248 2744 inquies,
1274 2654 1302 2722 si

190 2755 352 2848 Orpheus
374 2766 453 2847 post
473 2756 695 2849 Apollonium
717 2755 850 2839 fuisset,
884 2777 953 2823 non
972 2757 1135 2847 potuisset
1153 2779 1303 2827 errorem

191 2861 416 2947 committere,
448 2869 518 2928 tam
543 2859 731 2928 luculenter
753 2859 797 2925 ab
822 2859 1008 2948 Apollonio
1033 2870 1068 2930 et
1093 2870 1245 2929 notatum
1269 2871 1304 2932 et

192 2973 390 3034 correctum.
439 2963 534 3031 Itane
564 2963 669 3032 vero?
712 2961 804 3048 Quid
824 2959 927 3054 igitur
949 2962 995 3031 de
1013 2963 1154 3056 Hygino
1178 2972 1303 3034 statua-

191 3089 282 3151 mns,
308 3067 367 3156 qui
391 3066 465 3156 ipse
483 3064 575 3136 hune
597 3068 795 3158 Nauplium,
824 3067 1071 3156 Argonautam,
1098 3091 1117 3137 e
1142 3067 1303 3159 Neptuno

192 3178 228 3237 et
254 3171 446 3259 Amymone
465 3180 580 3238 natum
597 3170 700 3238 refert
720 3193 756 3261 p.
771 3162 833 3235 45.
854 3190 923 3236 non
942 3177 1129 3238 memorato
1152 3169 1302 3243 dissensu

192 3271 378 3362 Apollonii.
435 3272 541 3362 Atqui
564 3271 622 3342 hic
650 3282 726 3343 ante
761 3271 877 3339 oculos
902 3294 937 3341 se
963 3271 1122 3343 habuisse
1150 3273 1302 3366 Apollo·
1397 3295 1400 3304 ·

192 3375 303 3460 nium,
329 3374 447 3465 paullo
468 3385 560 3461 ante,
585 3399 621 3468 p.
644 3374 707 3451 43.
731 3375 922 3468 profitetur,
948 3376 1009 3445 ubi
1035 3377 1164 3447 scribit:
1194 3375 1301 3447 Τολο-

192 3498 274 3546 mon
304 3477 546 3564 Salaminam,
588 3499 697 3572 qaum
718 3477 927 3571 Apollonius
954 3479 1119 3548 Rhodius
1146 3479 1305 3578 rAtthida

191 3588 305 3650 vocat.
356 3580 403 3650 Et
432 3578 592 3672 Orpheo,
625 3591 832 3673 repostae,
865 3580 991 3650 licebat
1021 3603 1173 3667 narrare,
1205 3583 1306 3672 quod¹

190 3683 266 3774 ipse
291 3683 499 3773 probabilius
526 3693 676 3776 putaret:
711 3685 906 3774 Hyginum,
940 3692 1165 3754 enarratorem
1187 3707 1301 3756 rerum

191 3785 518 3878 mythologicarnrn‚
544 3787 718 3856 veritatem
738 3785 867 3871 sectari,
892 3795 1054 3874 qnantum
1069 3788 1144 3856 lieri
1151 3797 1300 3880 poterat,
1344 3809 1346 3814 ·

192 3887 442 3979 dissensumque
466 3889 664 3981 scriptorum
679 3890 841 3960 adnotare
856 3891 1044 3979 oportebat.
1095 3890 1217 3961 Ηοσ
1192 3915 1220 3960 sr
1243 3915 1301 3962 re·
1382 3959 1390 3970 ,
1509 3891 1511 3900 ’

190 4000 341 4081 putasset
371 3993 730 4084 Koenigsmannus,
720 4018 813 4088 rpse,
848 4000 950 4082 puto,
998 3992 1099 4061 aliurn
1127 3996 1300 4114 amplexus
1369 4063 1371 4068 .

192 4105 277 4164 esset
300 4097 505 4164 sententiam.
554 4097 689 4166 Etenim
710 4097 832 4166 existo
855 4093 985 4187 Hygini
1009 4095 1140 4166 silentio
1157 4096 1279 4167 boc
1248 4120 1300 4166 rr-
1349 4097 1357 4113 “
1442 4123 1445 4144 ·

191 4196 289 4266 detur
310 4197 428 4290 colligi
452 4198 595 4284 debere,
618 4199 842 4292 Apollonium
862 4220 932 4267 non
947 4197 1049 4268 alium
1070 4221 1172 4289 quam
1195 4209 1301 4271 semet

173 4298 301 4391 ‘ipsum
321 4301 518 4390 correxisse,
543 4310 579 4372 et
592 4325 698 4394 quum
716 4304 751 4374 in
770 4301 886 4395 priore
903 4302 1210 4397 Argonauticorum
1224 4301 1300 4372 edi·
