3058 5046
268 317 352 426 212¹
374 358 434 420 ou
462 356 725 422 nrsronrrn
747 355 968 422 onrucrn
992 353 1274 418 sarnonons
1317 333 1319 336 ’

370 533 529 602 Amtruus
549 531 616 600 iam
641 551 720 600 cum
741 529 925 622 Opitadana
952 537 987 597 et
1014 525 1271 598 Subolescentio
1298 517 1380 622 Θή-

267 641 355 728 βας,
381 634 555 724 Culmum,
581 657 617 702 se
643 633 793 719 confert,
819 634 879 704 ubi
895 633 1097 729 Κρέοντος,
1130 631 1241 722 Regi,
1273 629 1381 698 bene-

267 739 347 808 ficio
366 737 537 822 lustratus,
576 759 726 806 sororem
752 760 846 806 suam
869 731 1102 830 Περιμήδην,
1142 735 1379 818 Praeconsam‚

266 861 406 910 uxorem
418 840 477 908 dat
491 840 757 914 Subolescentio.
809 837 994 930 0pitulaua
1014 860 1118 925 quum
1139 845 1321 928 nupturam
1343 857 1380 902 se

267 942 421 1011 edixisset
438 945 540 1012 ultori
556 953 809 1035 peremptorum
823 943 981 1024 fratrum,
1006 943 1176 1024 Amtruus,
1203 938 1379 1029 assumptis

266 1045 495 1136 compluribus
515 1047 639 1133 sociis,
657 1055 762 1114 vastat
782 1046 904 1114 insulas
925 1043 1180 1135 Sepelinorum,
1214 1042 1274 1112 sed
1299 1041 1378 1109 vivo

217 1172 221 1185 ·
264 1148 471 1241 Pinuigrege
490 1153 613 1241 capere
631 1172 700 1218 non
719 1157 841 1240 potest.
891 1148 1020 1216 Verum
1045 1146 1116 1216 lilia
1145 1145 1245 1215 huius
1268 1130 1384 1213 Crini-¹

266 1273 396 1336 crema,
423 1274 538 1322 amore
557 1254 690 1321 Amtmi
710 1261 827 1344 capta,
853 1251 969 1318 evulso
996 1249 1088 1341 patri
1111 1270 1213 1318 amco
1239 1248 1378 1339 capillo,

265 1352 356 1430 unde
381 1355 452 1423 vita
473 1355 542 1424 eius
558 1356 748 1447 pendebat,
787 1353 886 1437 facit,
923 1360 961 1420 ut
986 1354 1145 1422 Amtruus
1168 1351 1290 1436 imulas
1315 1351 1378 1418 sibi

220 1461 386 1526 ltemues
399 1457 561 1532 subiiciat.
587 1459 657 1526 Hic
669 1458 844 1526 interfecta
854 1456 1070 1538 Criuicrema,
1085 1454 1215 1547 praeda
1231 1449 1378 1538 onustus,

263 1560 445 1649 insulisque
465 1558 591 1654 Ἑλείῳ
616 1569 649 1630 et
668 1554 849 1654 Κεφάλῳ,
885 1557 1029 1649 Capioni
1049 1568 1082 1626 et
1105 1557 1282 1647 Capitoni,
1306 1566 1377 1624 tra-

264 1662 359 1746 ditis,
388 1664 546 1731 Cultuam
559 1664 744 1732 revertitur.
796 1661 949 1731 indicant
961 1661 1066 1744 haec,
1093 1661 1248 1752 expulsos
1262 1683 1285 1726 a
1298 1659 1377 1726 fini-

262 1764 350 1834 timis
377 1765 423 1833 ad
449 1766 527 1834 loca
556 1766 646 1835 culta
676 1789 712 1834 se
737 1765 922 1855 recepisse3
957 1763 1005 1831 ibi
1028 1763 1234 1834 iuventutem
1258 1763 1377 1830 eorum

262 1865 441 1938 educatam
465 1877 499 1936 et
525 1869 722 1938 salutaribus
740 1867 930 1959 praeceptis
951 1866 1133 1934 formatam
1155 1881 1245 1946 esse3
1270 1888 1375 1954 qaum

262 1977 374 2038 autem
398 1971 597 2040 ulciscendis
618 1971 672 2054 iis,
707 1971 766 2060 qui
797 1995 818 2039 a
842 1970 1071 2059 praedonibus
1097 1969 1202 2040 occisi
1231 1970 1374 2054 fuerant,

139 2103 141 2108 v
261 2073 436 2141 meliorem
465 2065 528 2142 sihi
557 2073 785 2142 conditionem
815 2095 937 2164 parare
961 2082 1140 2163 cuperent,
1182 2072 1305 2140 misisse
1332 2092 1373 2138 eo

260 2174 348 2242 viros
371 2176 464 2244 bello
483 2176 636 2268 gerendo
657 2187 773 2267 aptos,
805 2197 890 2265 quos
913 2174 985 2242 aliis
1004 2175 1174 2246 advocatis
1188 2175 1285 2245 sociis
1298 2175 1375 2242 bel-

259 2279 331 2346 lum
357 2279 476 2348 fecisse
498 2279 753 2371 praedonibus,
779 2279 840 2348 sed
863 2277 1025 2367 quamdiu
1045 2278 1098 2347 his
1121 2279 1249 2349 celeres
1272 2299 1373 2347 naves

260 2390 384 2467 essent,
419 2405 502 2471 quas
524 2381 726 2452 inexhaustis
748 2381 913 2452 thesauris
940 2381 1005 2450 suis
1028 2404 1162 2472 semper
1184 2383 1247 2460 sibi
1272 2403 1374 2450 novas

258 2484 293 2551 in
311 2485 427 2555 locum
448 2486 641 2554 amissarum
662 2486 845 2578 parabant,
891 2506 959 2552 nou
986 2485 1134 2577 potuisse
1163 2507 1222 2554 eos
1252 2483 1374 2558 dobel-

258 2584 347 2666 lare;
394 2595 429 2653 at
461 2588 588 2656 incolas
629 2589 831 2672 insularum,
871 2589 1029 2656 diuturno
1069 2588 1164 2656 bello
1203 2587 1374 2680 fatigatos,

154 2699 157 2708 ’
258 2697 479 2779 optantesque
504 2700 541 2758 ut
573 2691 716 2761 vinceret
746 2690 970 2760 obsidentium
995 2691 1177 2776 exercitus,
1215 2690 1372 2761 incendio

256 2790 444 2882 perdidisse
480 2791 664 2863 thesauros.
730 2794 782 2861 lta
824 2794 901 2863 illos
944 2794 1069 2884 potitos
1107 2794 1237 2878 insulis,
1289 2793 1373 2875 diri-

256 2893 368 2983 puisse
393 2916 467 2981 eas,
500 2903 534 2962 et
562 2906 660 2985 parte
691 2897 859 2964 sociorum
884 2899 931 2966 ibi
964 2897 1101 2982 relicta,
1141 2919 1183 2966 ne
1212 2895 1265 2962 his
1293 2897 1372 2984 qui-

250 2997 337 3064 ·dem
367 2997 578 3094 pepercisse,
612 2999 670 3088 qui
702 2998 918 3071 incendendis
953 2990 1116 3069 thesauris
1147 2996 1371 3091 expugnatio·

256 3121 335 3167 nem
361 3099 564 3171 adiuverunt.
617 3163 618 3174 ,
1179 3109 1184 3111 ’

358 3307 525 3374 Reversus
544 3308 703 3380 Amtruus
727 3332 954 3402 compressam
973 3309 1018 3380 ab
1039 3309 1122 3380 Iove
1139 3306 1264 3382 invenit
1284 3328 1372 3376 axo-

184 3407 187 3418 '
255 3430 328 3478 rem
350 3431 443 3490 suam
467 3408 704 3501 Opitulanam,
731 3437 819 3503 quae
836 3414 989 3506 geminos
1016 3413 1165 3496 enititur,
1191 3411 1372 3503 Popliolu-

254 3522 329 3582 turn
356 3536 397 3583 ex
417 3514 516 3598 love,
549 3509 730 3609 Ἰφικλέα,
763 3517 952 3602 Viclutum,
986 3537 1027 3584 ex
1043 3519 1200 3585 Amtruo.
1250 3512 1375 3603 Popli-'

181 3612 183 3618 ’
255 3617 336 3686 cluti
364 3616 456 3686 facta
477 3619 679 3708 prolemque
703 3629 891 3710 praetereo.
951 3620 1005 3688 Eo
1033 3628 1113 3710 post
1138 3616 1245 3686 multa
1266 3638 1371 3707 prae-

254 3720 345 3788 clare
359 3727 456 3811 gesta
468 3729 619 3807 mortuo,
645 3722 706 3790 lilii
720 3723 806 3808 eius,
832 3722 1028 3813 Latipotem
1045 3722 1232 3814 fugientes,
1267 3721 1370 3815 Τρα-

254 3827 357 3910 χῖνα,
384 3823 576 3911 Tesquam,
603 3823 647 3890 ad
665 3818 792 3919 Κήῦιιο
801 3880 814 3913 ,
841 3826 1095 3915 Tranquillum,
1119 3830 1370 3894 concesserunt:

253 3923 313 3990 ubi
330 3946 433 4010 quurn
448 3926 511 3994 sibi
527 3925 617 3993 tradi
631 3947 688 3994 eos
709 3927 896 4017 postularet
911 3928 1063 4020 Latipos,
1088 3927 1206 3999 relicta
1221 3925 1370 4014 Tesqua,

253 4046 318 4115 per
337 4014 514 4110 Ἑλλοὶδα,
541 4028 716 4114 Volviam,
751 4030 972 4121 aufugerunt,
1006 4031 1118 4100 donec
1146 4033 1370 4121 persequente

150 4149 152 4153 ·
255 4148 313 4196 eos
335 4125 493 4219 Latipote
513 4123 696 4226 Ἀθήνας,
721 4132 916 4222 Nelactam,
943 4132 1109 4225 compulsi
1127 4143 1218 4217 sunt,
1244 4131 1305 4199 nbi
1323 4127 1371 4197 ad
1485 4165 1490 4174 ·

252 4225 402 4309 Ἐλέου,
434 4231 635 4319 Miserautii,
678 4259 771 4304 aram
792 4237 1019 4322 considentes,
1052 4236 1212 4306 auxilium
1241 4233 1385 4324 impio-f

253 4341 367 4402 rarunt
390 4333 662 4406 Nelaotanorum.
727 4339 930 4433 hupetrato,
971 4363 1098 4436 magua
1126 4349 1253 4434 strages
1279 4335 1370 4408 edita
1445 4401 1448 4413 ,
