3078 5026
241 337 249 345 ”
282 327 345 392 128
431 322 490 386 DE
517 321 677 388 CHORO
705 317 994 386 EVMENIDVM
1013 317 1246 386 AESCHYLI

213 531 215 538 ·
278 513 414 596 Ιποντα·
453 487 585 587 syort
609 487 677 570 τόν
696 485 925 586 ποζόμαχον,
970 485 1037 566 rob
1067 487 1256 586 ναύμαχον
1264 535 1297 583 ,·
1322 488 1392 570 πον

181 663 183 670 ,
279 597 488 689 πανταχοῦ,
521 589 708 670 νόννατοὶ
735 589 867 691 μικρόν
891 596 1026 689 μέγαν,
1060 589 1395 671 sordulentos

282 707 357 776 ἕνα.
424 699 487 768 His
518 699 671 768 omuibus
699 697 880 789 diligenter
909 697 1082 790 perpensis
1112 696 1287 772 fatendum
1320 698 1397 785 erit,

280 812 399 896 poetas
419 824 488 872 non
507 811 681 872 cantorum
702 823 880 869 numerum
897 802 1047 891 personis
1068 800 1222 885 fabulae,
1247 801 1308 878 sed
1330 801 1395 875 hirs

280 907 402 978 usitato
426 905 523 976 chori
544 928 684 974 numero
707 904 981 972 accommodasse
989 952 1007 987 ,.
1030 913 1085 989 ut,
1125 906 1154 972 si
1177 904 1288 971 minor
1311 913 1397 974 esset

180 1051 188 1093 ¹.
277 1025 500 1101 personarum
520 1030 696 1091 uumerus,
729 1007 849 1099 augeri
870 1006 1041 1091 debuerit,
1079 1002 1175 1074 ut'in
1193 1006 1397 1076 Eumenirli-

255 1115 344 1182 ‘bus
367 1120 400 1180 et
423 1111 643 1202 supplicibus
659 1110 858 1200 Euripidis,
884 1120 937 1194 et,
969 1118 1006 1178 ut
1027 1108 1165 1179 credere
1183 1131 1249 1199 par
1270 1119 1336 1195 est,
1361 1110 1397 1180 in

240 1279 243 1284 Δ
282 1213 444 1304 Aeschyli
470 1213 688 1295 Heliadibus3
720 1213 770 1281 sin
790 1214 897 1280 maior
919 1221 1022 1297 esset,
1055 1212 1174 1296 minui,
1207 1219 1244 1279 nt
1263 1212 1299 1278 in
1325 1215 1399 1282 Ae-

239 1377 243 1384 .
282 1316 392 1407 schyli
415 1318 649 1407 supplicibus,
690 1317 864 1406 inquibus
887 1316 969 1384 scite
994 1314 1181 1384 observavit
1201 1313 1400 1394 Boeclrhius

281 1420 403 1498 sedulo
420 1421 545 1508 caveri,
571 1443 614 1490 ne
634 1427 931 1491 mommemoretnr
946 1441 1104 1490 numerus
1121 1416 1321 1488 Danaidum.

746 1714 947 1730 m

371 1974 378 2010 ι
412 1965 478 2034 on
503 1958 673 2036 cuono
705 1963 1002 2033 nvomnrovru
1026 1936 1271 2036 sescum.

563 2179 566 2186 ,
604 2101 904 2190 orssnnrrrro
930 2141 1082 2196 uerus.
1135 2201 1140 2212 .

284 2305 400 2412 Duae
428 2341 642 2410 celebrantur
679 2339 724 2409 de
758 2339 922 2432 Aeschyli
949 2341 1193 2412 Eumenidibns
1229 2342 1404 2422 fabulosae

181 2516 184 2520 ,
284 2445 508 2530 narrationem
535 2467 619 2528 una,
646 2465 750 2533 quum
772 2468 812 2513 ea
828 2445 945 2522 fabula
960 2446 994 2512 in
1009 2468 1144 2516 scenam
1166 2445 1335 2534 producta
1349 2467 1404 2512 es·

286 2559 353 2636 set,
379 2569 504 2639 pueros
523 2548 701 2616 nonnullos
717 2569 801 2638 prae
818 2555 948 2628 terrore¹
968 2549 1144 2616 exstinctos
1167 2569 1250 2632 esse,
1277 2558 1312 2614 ct
1326 2571 1405 2624 nru-
1441 2567 1447 2574 ·

286 2651 384 2718 lieres
396 2649 556 2740 gravidas
571 2651 725 2717 abortum
742 2649 874 2728 fecisse;
901 2649 1023 2733 altera,
1049 2643 1211 2734 chorum,
1237 2671 1279 2716 eo
1298 2671 1405 2738 usque

261 2770 311 2833 re
330 2753 573 2843 quinquaginta
592 2753 742 2842 personis
763 2760 985 2835 constantem,
1021 2752 1067 2818 ob
1087 2750 1189 2820 hano·
1203 2752 1311 2843 ipsam
1331 2775 1406 2820 rem

287 2855 342 2924 ad¹
362 2855 571 2942 quindecim
607 2865 640 2922 et
667 2857 749 2946 lege
780 2854 936 2943 quidem,
969 2851 1144 2924 redactum
1173 2877 1254 2922 esse.
1305 2855 1405 2923 Prior

285 2960 343 3027 illa
362 2957 409 3025 de
422 2959 536 3049 pneris
551 2967 584 3027 et
603 2957 796 3026 mulieribus
814 2956 958 3023 namatio
979 2958 1092 3024 nescio
1114 2978 1216 3045 quem
1231 2980 1404 3050 gramma-

204 3063 208 3068 ’
285 3063 389 3130 ticum
411 3072 585 3130 auctorem
603 3061 734 3143 habet,
772 3058 830 3148 qui
854 3060 1040 3128 eam=vitae
1066 3059 1228 3152 Aeschyli
1256 3063 1317 3128 ab,
1335 3062 1402 3128 alio
1537 3071 1538 3162 3

287 3165 509 3256 grammatico
523 3164 666 3254 scriptae
678 3163 830 3232 inseruit:
855 3185 966 3251 neque
985 3164 1122 3232 enimin
1137 3163 1290 3232 omnibus
1305 3164 1403 3232 codi-

267 3268 384 3337 ‘cibus
411 3267 536 3357 legitur
556 3268 617 3334 iste
639 3267 743 3334 locus.
795 3265 918 3333 Verba'
935 3276 1047 3334 autem
1072 3266 1160 3336 haec
1185 3275 1279 3352 sunit,
1308 3267 1402 3346 τινὲς

288 3372 332 3444 δέ
351 3384 463 3465 φασιν
489 3369 594 3465 ἐν’νῇ
620 3373 785 3450 ἐπιδείξει
808 3369 881 3454 τοῖν
901 3365 1112 3458 Εὐμενίδων
1134 3361 1316 3464 σποράδην
1331 3372 1402 3450 εἰς·

289 3467 475 3566 αγογόντο
501 3465 573 3556 1τόν
604 3463 733 3566 χορόν,
780 3468 959 3541 τοσοῦτον
983 3469 1151 3566 ἐκπλῆξαι
1181 3463 1247 3542 rob
1272 3471 1401 3566 δῆμον,

288 3573 375 3656 aiere
395 3568 445 3646 νᾰ
467 3573 535 3666 μὲν
556 3567 671 3669 νήπιον
683 3571 854 3666 inuitat,
884 3563 987 3660 τοὶδὲ
1002 3573 1146 3669 ἔμβρυα
1163 3572 1402 3665 ἐξαμβλωθῆ-

287 3705 360 3750 ναι.
412 3677 512 3746 Hanc
544 3675 681 3766 quidem
706 3674 936 3762 narrationem
966 3697 1071 3764 quum
1093 3675 1328 3766 Boettigerus‚
1356 3674 1405 3742 vir
1537 3693 1538 3770 ξ

288 3779 545 3865 celeberrimum
569 3777 604 3864 in
628 3779 717 3847 libro
747 3775 792 3846 de
818 3777 969 3870 personis
986 3777 1165 3872 Furiarum
1188 3802 1223 3870 p.
1245 3776 1279 3845 3.
1300 3785 1403 3861 recte,
1537 3785 1538 3832 1

188 3939 190 3952 .
288 3891 327 3950 ut
354 3883 439 3949 mihi
467 3882 619 3966 videtur,
660 3903 679 3948 e
707 3882 839 3950 comica
867 3880 1016 3969 quadam
1045 3880 1103 3948 vel
1127 3880 1404 3972 epigrammatica

290 3987 552 4077 exaggeratione
568 3992 676 4052 ortam
690 3981 869 4066 iudicaret,
894 4003 962 4049 non
977 3983 1125 4050 debebat
1142 3993 1257 4051 tamen
1272 3983 1315 4051 ad
1329 4005 1405 4050 eam

289 4109 362 4153 rern
383 4088 551 4178 Gorgiam
572 4087 752 4170 adhihere,
774 4085 834 4174 qni
855 4084 949 4174 apud
970 4085 1192 4155 Plutarchum
1210 4087 1245 4154 in
1267 4086 1404 4170 Quaest.

290 4188 420 4260 convir.
442 4191 521 4262 Vll.
543 4191 603 4259 10.
631 4207 673 4282 μ’
691 4183 777 4256 Ήό.
806 4187 848 4257 Ε.
870 4187 1038 4275 fabulam,
1071 4213 1158 4279 quae
1190 4189 1331 4280 Septem
1357 4185 1404 4254 ad

290 4291 432 4362 Thebas
450 4301 607 4384 vocatur,
618 4291 781 4376 JaMarte
806 4291 964 4362 dictatam
978 4291 1152 4384 Aeschylo
1168 4315 1239 4368 esse
1260 4292 1404 4362 dixisset.
