3080 5054
443 423 487 482 „-
566 347 892 440 usutunavs
1217 349 1280 418 ιιι

163 517 352 614 τισχοῧσα
370 523 450 606 ταῖς
472 517 661 619 ἅὸιλφαῖς,
693 519 753 598 sal
775 550 826 620 ap
813 516 1107 644 novisanam.
1112 515 1159 598 ιδ
1180 517 1281 598 ὅιιιι-

163 629 226 707 ‹luc
244 623 389 752 nullum·
445 631 615 722 κριθεῖσα
645 625 727 700 δὲ’
708 653 747 700 ιιι
771 631 849 708 τοῖς
878 623 1107 726 ’Λργιίοις
1082 619 1281 722 αποφιύγιι

162 755 230 818 τι,
255 756 316 800 aaa
309 721 595 826 Ἀφροδίτην
577 753 636 804 ιιι
627 727 749 822 sulla
770 725 926 828 αἰέθηιι
947 724 1155 826 νικηφόροι.
1207 729 1281 798 hun

164 831 193 900 si
218 829 425 919 quaerimus,
465 832 650 902 alterumue
670 830 776 918 illud,
808 855 851 901 an
876 832 946 904 hoc
967 831 1163 902 iudicium'
1154 853 1188 900 ιιι
1208 831 1281 902 Da-

163 933 317 1002 naidibus
338 933 566 1006 introductum
583 929 700 1019 fuerit,
725 935 1012 1059 Hypermnestrae
1026 933 1165 1026 quidem
1182 956 1281 1004 caus

163 1057 234 1104 sam
256 1036 291 1102 in
312 1035 381 1106 hac
400 1037 517 1108 fabula
538 1045 649 1110 actam
664 1061 754 1124 esse,
780 1040 836 1107 vix
857 1039 933 1109 sinit
953 1038 1107 1108 dubitare
1124 1037 1282 1130 praeela-

163 1163 241 1210 rum
261 1139 506 1231 fragmentum,
532 1139 628 1230 quud
650 1163 692 1210 ex
717 1143 867 1212 oratione
884 1139 1280 1232 Veneris-depromptum

163 1251 223 1311 est.
273 1243 321 1312 At
341 1245 474 1314 obstare
495 1243 629 1314 videtur
650 1244 822 1336 inscriptio
842 1245 995 1330 fabulae,
1021 1266 1109 1334 quse
1132 1243 1177 1312 de
1203 1266 1282 1314 caes

162 1344 242 1414 teris
262 1345 374 1438 potius
393 1347 584 1436 sororibus,
612 1347 786 1416 ueletiam
810 1348 855 1416 de
876 1346 1033 1418 universis
1054 1346 1206 1438 cogitare
1227 1346 1283 1416 iu-

161 1449 232 1518 bet.
285 1446 517 1542 Omninoque,
549 1451 577 1518 si
597 1472 665 1518 non
688 1449 831 1520 dubium
858 1451 991 1520 uidetur
1010 1445 1179 1528 Danaides
1201 1451 1282 1519 sub-¹

161 1551 290 1620 iunctas
312 1552 412 1622 fuisse
433 1553 673 1646 supplicibus,
702 1555 904 1646 permirum,
929 1577 973 1624 ne
994 1553 1107 1623 dicam
1130 1555 1282 1644 ineptum

160 1655 268 1744 foret,
293 1658 480 1754 praeteritis
494 1657 631 1726 caeteris
651 1655 695 1724 ue
711 1679 776 1726 una
794 1658 1059 1748 Hypermnestra
1079 1657 1147 1748 agi.
1176 1655 1281 1740 Quod

104 1809 109 1816 ,
162 1757 191 1826 si
211 1759 292 1831 illae
311 1760 486 1852 praeteriri
506 1782 574 1828 non
601 1769 802 1851 potuerunt,
837 1761 974 1830 defensa
995 1769 1044 1829 est
1069 1769 1182 1828 autcnr
1203 1755 1283 1849 Hy-

160 1874 387 1953 permnestra,
430 1864 478 1934 sic
507 1863 621 1955 potius
641 1863 855 1934 statuendum
878 1865 960 1950 erit,
993 1871 1173 1952 utrumque
1191 1857 1282 1931 iudi-

162 1965 253 2034 cium
277 1989 297 2032 a
319 1974 424 2058 poeta
448 1969 662 2038 coniunctum
688 1991 759 2040 esse
781 1967 831 2058 ¹⁸¹).
895 1967 943 2038 Et
972 1966 1178 2052 cuniuuctae
1194 1988 1280 2060 pro*
1376 1996 1379 2006 ι

160 2067 255 2136 fecto
275 2078 350 2134 sunt
371 2090 522 2155 caussae,
549 2069 663 2157 quod,
696 2070 929 2160 sipuniemlae
951 2079 1063 2154 erant,
1098 2092 1187 2158 quae
1213 2092 1273 2160 pa·

158 2179 329 2236 trauerant
349 2169 509 2256 caedem,
543 2169 750 2238 absolvenda
781 2179 872 2252 erat‚'
908 2193 997 2258 quae
1023 2191 1092 2238 non
1120 2175 1306 2272 patrach

160 2281 231 2352 rat3
262 2272 312 2340 sin
343 2271 433 2344 haec
457 2295 607 2366 poenam
637 2255 824 2392 meruerat,
858 2271 925 2344 illis
958 2271 1179 2344 concedenda
1210 2281 1283 2342 erat

159 2375 353 2468 impunitas,

201 2531 411 2600 Scenam
437 2529 575 2600 fabulae
598 2525 699 2622 Argis
722 2528 823 2598 fuisse
850 2537 985 2598 necesse
1007 2536 1064 2598 cst.
1117 2515 1171 2598 lbi
1192 2529 1283 2598 e'nirn
1385 2540 1388 2548 ’

160 2633 288 2704 factam
309 2634 469 2725 caedem,
497 2636 677 2725 scriptores
699 2655 816 2702 omnes
839 2633 1055 2704 consentiunt.
1106 2634 1150 2702 In·
1168 2643 1283 2702 caete⁴

161 2740 207 2806 ris
232 2739 332 2806 rebus
351 2737 504 2805 nonnihil
519 2737 720 2828 discrepant.
771 2737 927 2806 Danaum
950 2737 1104 2827 plerique
1124 2749 1283 2829 regnasse

161 2841 264 2932 Argis
279 2841 411 2929 dicunt,
438 2850 472 2908 et
494 2836 696 2910 scholiastae
713 2841 884 2932 Euripidis
906 2840 1045 2930 quidem
1065 2861 1134 2910 nun
1151 2863 1193 2910 ex
1209 2841 1282 2908 Ae-

163 2956 273 3039 gypto
295 2945 499 3036 profugum,
526 2944 586 3012 sed
605 2945 648 3012 ab
669 2945 764 3032 initio⁸
778 2943 987 3012 habitantem
1003 2946 1116 3036 Argis.
1166 2944 1283 3034 Hygi-

161 3067 223 3114 nus
243 3055 277 3114 et
293 3049 439 3132 Servius,
466 3063 507 3114 ex
519 3048 684 3138 Aegypto
700 3047 837 3132 venisse,
865 3059 899 3114 et
913 3058 1021 3137 regnu
1038 3069 1108 3116 esse
1123 3043 1280 3135 potitum.

162 3149 255 3218 Et
230 3172 278 3219 suc
302 3151 402 3238 ctiam
424 3150 657 3240 Apollodorus
684 3159 718 3215 et
738 3149 918 3220 Pausanias
940 3148 983 3214 ll.
1006 3146 1067 3230 16,
1094 3146 1129 3213 l.
1156 3139 1218 3229 16,
1244 3147 1280 3215 6

162 3252 222 3344 qui
241 3274 386 3346 regnum
406 3253 438 3320 ei
463 3275 483 3318 a
505 3251 676 3319 Gelauure
697 3249 857 3318 traditum
880 3249 1006 3318 dicunt
1057 3247 1111 3318 De
1131 3245 1284 3336 facinore

161 3357 353 3448 puellarum
384 3353 611 3446 discrepantes
635 3353 853 3437 narrationes,
897 3373 987 3442 quae
1006 3345 1063 3420 ad
1072 3352 1281 3444 Aeschylum

162 3459 290 3548 aliquid
311 3460 425 3529 facere
444 3457 622 3548 possint,
613 3457 692 3548 ipsis
716 3457 916 3547 scriptorum
933 3453 1041 3524 verbis
1056 3454 1179 3523 afferre
1200 3456 1283 3547 pla

150 3571 228 3632 eet.
278 3561 535 3684 Apolludurust'
554 3566 591 3633 ol
613 3561 651 3634 δὲ
673 3553 874 3652 At’yriurou
893 3562 1016 3639 nullae
1036 3545 1208 3639 ἑλθοιιτες
1231 3561 1281 3640 alc

157 3662 314 3761 Ἄργος,
340 3664 404 3760 τῆς
419 3691 460 3736 τι
478 3665 613 3784 ἔχθρας
625 3657 844 3736 παύσασθαι
862 3655 1111 3782 παρεκάλουν,
1138 3654 1282 3742 καὶτοῖς

162 3765 503 3886 θυγατέραςαύιοῦ
523 3773 655 3858 γαμεῖν
679 3761 809 3860 ἠξίουν
863 3757 1095 3852 Δαιιαόςδέ
1115 3760 1284 3855 ἅμαιι
1211 3763 1285 3855 plu

161 3867 327 3947 ἁπισιωι
357 3866 479 3944 αὑτων
510 3895 588 3950 τοις
611 3869 962 3963 ἑπαγγὲψιλμασιι,
939 3863 1019 3962 ἅμα
1042 3865 1080 3940 δι
1098 3877 1281 3964 uenuste-⁵

123 4065 125 4070 ⁸
159 4061 373 4082 -ι-η-Μ-ιιι

202 4173 229 4256 *)
245 4177 429 4235 Disscnliunt
454 4167 630 4235 Welclrerus
650 4171 682 4232 in
701 4171 832 4251 Trilogia
857 4171 996 4252 aeschyli
1022 4187 1052 4252 p'.
1072 4169 1146 4240 405.
1170 4171 1204 4232 ιι
1221 4169 1283 4230 sua

159 4261 284 4324 nennius
304 4261 337 4320 in
358 4261 586 4335 dimertnhnne,
623 4259 673 4316 cui
692 4257 822 4339 indicem
844 4259 930 4320 senil:
966 4257 1038 4317 iiber
1066 4258 1129 4318 den,
1147 4257 1283 4316 historia

161 4347 250 4404 aclren
271 4347 429 4406 character
449 4344 502 4403 des
527 4344 638 4404 drama
664 4363 698 4424 ,pq
719 4344 773 4412 65.

213 4429 335 4504 Ηιιιιιι.
362 4433 430 4504 On.
457 4435 500 4501 ll.
559 4435 560 4440 ’
609 4485 610 4490 1
1058 4428 1091 4494 X
1144 4445 1146 4450 ’
