3078 5026
369 361 374 372 .
434 301 657 367 Mnnsvut
686 301 981 369 unruflulcr.
1208 311 1272 376 nt

158 470 226 548 ,lud
262 469 466 572 Ἡρακλέης
503 476 538 545 iu
573 475 727 550 omnihus
753 475 902 569 strophis
926 485 961 546 et
996 499 1095 570 posse
1133 481 1271 568 restitui,

150 585 199 655 ,et
231 575 345 654 rideri
376 578 618 650 restituendum
641 601 738 653 esse.
788 579 911 653 Redeo
948 579 994 648 ad
1029 583 1271 659 ditrochaeum

160 679 195 748 Is
246 700 315 756 uno
365 680 420 750 iu
457 682 623 766 carmine,
682 679 879 753 Isthmicum
932 692 1105 772 quartum,
1164 689 1271 780 vulgo

114 837 117 845 ,
158 761 352 872 quintum,
385 783 482 870 dico,
532 805 667 894 prorsus
696 783 829 882 ridetur
855 785 998 856 rationes
1029 795 1157 858 nostras
1188 813 1273 861 con·

161 887 328 956 turbare:-

276 1035 433 1133 poiseo
450 1033 601 1127 Ailou,
628 1031 837 1132 πολυώνυμε
858 1033 1026 1132 Θεία,

314 1139 433 1233 ce‘oy
456 1144 557 1213 ἕκατι
581 1138 640 1212 uei
664 1143 874 1242 μεγασθενῆ
893 1137 1066 1272 ιδμισαι,

146 1308 360 1382 ,cuiusmodi
372 1308 536 1399 pleraque
557 1310 771 1401 stropharum
796 1311 889 1380 initia
916 1322 992 1382 sunt
1017 1312 1087 1405 *)ι·
1108 1313 1274 1409 simulque

161 1413 315 1484 uddihis
340 1411 442 1480 debet
475 1412 537 1480 111.
561 1412 721 1504 19.ον
743 1413 795 1504 1.)

160 1571 163 1576 '
185 1568 197 1624 ἶ
255 1595 259 1600 ·
315 1555 394 1640 ἔστι
414 1591 481 1658 μοι
498 1565 596 1638 θεῶν
612 1570 715 1639 ἕκατι
729 1562 844 1663 μυρία
858 1565 981 1640 correi
994 1569 1172 1650 κέλευθος.

158 1717 295 1803 Quibus
305 1717 394 1788 ,locis
411 1713 517 1806 quum
533 1718 717 1808 scripturae
737 1716 903 1790 correctio
927 1709 1085 1790 adhiberi
1100 1743 1168 1790 nou
1189 1730 1321 1812 pos-1⁰

157 1822 231 1907 sit,
262 1831 355 1904 certo
386 1829 537 1893 evertens
564 1821 759 1894 sententiam
789 1831 953 1907 nostram,
994 1824 1274 1908 nisiinveniatnr,

159 1946 232 2013 quo
250 1925 315 2015 ipsi
338 1945 475 2014 qunque
496 1923 635 2003 defendi
657 1933 797 2014 queant
848 1926 902 1997 Ao
924 1925 969 1993 de
987 1925 1105 2000 lsthm,
1129 1927 1190 1996 111.
1205 1924 1276 1996 ‚la

160 2027 239 2118 (IV.
264 2026 304 2118 1)
330 2028 377 2098 sic
402 2027 572 2096 existimor
602 2028 763 2116 quoniam
790 2037 972 2114 quaternae
1003 2029 1166 2121 dipodiac
1192 2050 1278 2114 con-

160 2130 299 2214 iunctae
317 2139 417 2215 sunt,¹
443 2130 554 2215 binas,
588 2130 682 2196 utin
706 2128 817 2196 multis
838 2133 1002 2215 versibus,
1040 2155 1144 2200 unum
1168 2152 1279 2205 mern-

160 2233 262 2302 brum
291 2233 507 2302 constituere:
550 2253 664 2320 quam·
683 2231 846 2298 rationem
877 2232 959 2300 huic
981 2255 1137 2304 versuum
1157 2232 1276 2323 generi

160 2338 268 2404 etiarn
281 2336 316 2402 in
332 2335 376 2404 V.
391 2335 536 2400 carmine
552 2333 780 2416 Isthmiorum,
796 2333 874 2402 licet
890 2335 959 2402 alio
971 2336 1088 2420 modo,
1107 2334 1278 2416 medicari,

160 2458 233 2508 non
257 2455 343 2526 opus
356 2443 418 2504 est
446 2444 482 2502 ut
509 2435 635 2525 peritos
663 2455 830 2502 moneam.
878 2436 933 2502 Ex
954 2457 1024 2524 quo
1054 2435 1278 2524 consequitur,

162 2540 249 2610 nihil
272 2537 467 2608 offensionis
487 2536 617 2607 hahere
637 2536 818 2628 ancipitem
840 2535 875 2606 iu
895 2538 964 2606 fine
994 2538 1160 2608 secundae
1177 2539 1282 2628 dipo-

162 2645 276 2728 riiae„
290 2650 328 2710 ut
355 2640 451 2708 finito
478 2641 541 2709 ibi.
557 2661 723 2720 numeros
754 2637 825 2711 sed,
843 2639 878 2707 in
904 2641 1015 2730 prima
1039 2641 1180 2736 dipodia
1202 2649 1282 2732 post

111 2799 112 2806 ,
164 2748 242 2836 ἐστι
262 2744 464 2836 particulam
479 2743 625 2832 aliquam
639 2740 810 2816 excidisse.
862 2743 971 2816 Aliter
995 2745 1208 2818 statuendum
1228 2745 1281 2813 vi·-
1378 2769 1379 2777 ¹

164 2848 263 2917 detur
284 2847 328 2915 de
353 2847 469 2938 primis
492 2845 624 2914 dnobus
645 2845 793 2914 versibus
815 2849 925 2934 quarti
942 2849 1113 2916 carminisr
1137 2848 1172 2916 iu
1192 2870 1282 2937 quo-

163 2975 238 3020 rum
260 2953 372 3044 primo
393 2972 498 3039 quum
523 2945 704 3032 secundus,
736 2950 771 3016 in
798 2949 944 3019 secundo
963 2961 1099 3040 quartus
1120 2974 1182 3041 pes
1205 2973 1281 3019 sae-

164 3057 274 3145 pius„
291 3076 394 3143 quam
423 3054 522 3136 velis,
557 3053 766 3120 excusatione
798 3074 883 3142 opus
902 3054 1059 3137 habeat,
1106 3047 1280 3143 inpriore

165 3165 277 3224 antem
298 3154 436 3224 secundi
458 3177 572 3222 versus
596 3153 739 3245 dipodia
761 3153 855 3220 nulla
873 3179 1008 3246 prorsus
1031 3154 1197 3225 trochaeo
1219 3177 1281 3244 ye-

164 3261 221 3327 nia
242 3260 299 3329 sit:
330 3258 605 3346 nihilreliquum
627 3265 696 3340 est,
730 3278 833 3344 quarn
858 3268 894 3324 ut
916 3257 980 3326 hos
1000 3258 1071 3326 duo
1091 3255 1211 3327 versus:
1225 3265 1283 3327 aut

164 3385 244 3431 vere
268 3361 460 3431 trochaicus
482 3381 638 3428 numeros
667 3359 814 3444 habere,
855 3359 1003 3452 ideoque
1024 3364 1128 3454 plane
1152 3363 1197 3427 ab
1215 3358 1282 3446 ilio

165 3488 308 3557 genere,
335 3465 380 3532 de
394 3486 463 3552 quo
483 3465 672 3552 loquimur,
699 3462 847 3529 diversos
863 3487 932 3532 erse
949 3486 1161 3546 censeamur,
1188 3459 1283 3550 quod

163 3579 278 3639 tamen
306 3590 375 3635 non
406 3565 538 3634 videtur
554 3568 647 3634 bene
672 3565 848 3632 convenire
870 3587 947 3668 curn
968 3566 1114 3654 reliquis
1126 3563 1284 3662 numeris,

163 3672 198 3740 in
223 3670 344 3790 quibus
369 3668 522 3736 omuibus
544 3668 670 3735 Dorica
685 3667 828 3756 gravitas
849 3669 1032 3758 conspicua
1050 3676 1114 3746 est3
1140 3655 1209 3733 aut
1205 3665 1285 3756 pri-

164 3797 258 3843 mam
276 3772 396 3864 primi,
438 3769 620 3838 secundam
650 3767 788 3836 secundi
815 3791 927 3838 versus
961 3769 1136 3862 dipodiam
1173 3789 1285 3858 neque

164 3876 393 3963 trochaicam,
422 3895 533 3964 neque
556 3895 597 3942 ex
620 3869 782 3942 trochaeo
806 3881 840 3942 et
863 3874 1037 3965 spondeo,
1063 3871 1124 3942 sed
1147 3894 1188 3941 ex
1211 3872 1285 3941 basi

165 4086 371 4104 m

165 4209 234 4286 ..*)
256 4209 495 4288 Descriptiones
524 4217 688 4270 metrorum
724 4217 827 4290 postea
858 4227 923 4272 eam
953 4208 1041 4286 dedi,
1079 4227 1139 4289 qna
1168 4208 1285 4268 tollitur

165 4292 285 4355 vitium.
303 4294 379 4354 Vide
401 4297 495 4356 Elem.
513 4295 613 4366 doctr.
636 4303 721 4358 metr.
747 4315 778 4373 p.
801 4295 873 4360 650.
1267 4323 1269 4328 ·

200 4379 340 4450 Η.ιιιιιι
370 4381 436 4452 Οι.
453 4384 497 4451 11.
588 4371 600 4416 ²
1038 4353 1085 4448 ΗΙ
