3078 5026
427 376 430 388 ,
525 287 890 388 335533333131
1202 333 1267 396 333

150 499 389 571 concitatiores
424 499 628 587 defertur,
624 497 789 594 1113531
817 500 1090 590 persequendum
1123 469 1267 644 Oresten

147 603 327 696 135118335.

307 704 402 804 ὀομη
395 699 595 801 βροτοίων
614 697 780 798 αἱμανων
798 731 847 800 μο
866 704 1050 838 nposyslqi.

308 807 410 906 ὅρα,
423 806 504 928 ὅρα
516 805 615 900 μα’).
636 802 704 880 α31.·

306 912 433 984 tetros
457 903 525 982 τδν
548 905 690 990 πάντα,
715 903 770 1005 μή

305 1008 415 1111 λαδῃ
425 1007 545 1108 φύγδα
565 1006 633 1106 ,tole

306 1109 542 1213 ματροφόνος
568 1112 705 1196 ἀτίτας

152 1261 332 1330 Praeclara
347 1260 434 1330 enim
450 1259 620 1344 adnotatio
638 1257 841 1328 scholiastae
853 1251 980 1351 legitur
1000 1259 1045 1328 ad
1068 1282 1099 1329 3.
1121 1256 1207 1330 254.
1222 1255 1269 1336 ‘io'

83 1363 86 1382 '
155 1357 249 1436 αδτδ
269 1357 457 1459 τρόςωπδν
479 1369 567 1436 ἐστι.
620 1361 713 1432 Huic
735 1361 859 1458 1133135
875 1362 966 1452 ¹dum
987 1386 1065 1450 eae,
1091 1389 1177 1456 quae
1200 1365 1269 1438 iarn

153 1477 344 1560 praesentes
360 1476 463 1552 53331,
489 1464 704 1556 35533331531,
730 1465 880 1553 reliquae
897 1478 1159 1559 congregantur,
1175 1468 1270 1558 ipsae
1338 1515 1341 1536 ,

153 1593 290 1659 quoque
306 1569 433 1659 aliquid
449 1569 606 1639 dicentes.
658 1568 841 1657 Quumque
860 1578 989 1659 septem
1004 1571 1066 1638 sint
1090 1579 1270 1656 commata,

153 1673 225 1740 3531
245 1671 350 1740 simile
368 1682 438 1762 est,
466 1683 545 1765 post
558 1671 704 1764 primam
716 1671 811 1740 illam
831 1683 949 1761 quater
966 1672 1011 1744 de
1027 1675 1134 1761 birds,
1156 1674 1208 1744 bis
1225 1674 1270 1744 de

152 1775 253 1844 ternis
272 1799 374 1846 uuam
399 1775 527 1866 aliquid
553 1775 676 1844 dicere.

255 1929 436 2000 Tantum
426 1931 529 2022 rgitur
543 1941 658 1999 verum
676 1938 745 2016 551,
770 1951 932 2023 maguum
951 1931 987 1998 in
1003 1928 1136 1997 theatro
1159 1940 1270 2030 terro-

153 2053 226 2100 rem
240 2028 418 2103 excitatum
432 2056 520 2118 5555,
547 2032 702 2103 Furiis
678 2056 726 2103 src
745 2035 851 2126 longa
873 2034 958 2102 serie
979 2033 1014 2100 in
1035 2056 1169 2104 scenam
1185 2017 1270 2126 pro-
1291 2111 1295 2120 ¹

154 2133 343 2206 deuutibus.
394 2136 492 2220 Quae
510 2158 563 2204 res
586 2137 613 2204 si
634 2159 676 2205 53
696 2137 818 2218 331311,
844 2146 882 2203 31
901 2136 982 2226 1585
1005 2137 1227 2206 coercenda
1217 2160 1271 2205 ru

154 2237 323 2307 dicaretur
347 2247 473 2330 poetae
498 2237 659 2326 audacia,
685 2237 771 2326 qnid
794 2238 884 2308 hanc
913 2237 1095 2328 legem,
1071 2261 1099 2306 53
1124 2240 1272 2329 qualex

154 2363 195 2410 ea
222 2341 266 2408 315
291 2363 329 2408 35
354 2341 423 2408 1313
450 2349 516 2425 551,
541 2343 732 2428 putabimus
755 2341 924 2409 continere
943 2341 1117 2429 potuisse?
1141 2346 1211 2410 Aut
1225 2340 1272 2409 331

152 2464 271 2511 omues
303 2442 496 2534 tragoedias
527 2443 725 2532 pertinuerit
755 2463 892 2511 necesse
919 2445 984 2525 551,
1018 2450 1075 2508 331
1109 2443 1153 2511 ad
1185 2445 1274 2511 solas

153 2545 359 2615 Eumenides
379 2543 553 2634 Aeschyli.
606 2547 643 2615 Si
665 2545 851 2636 ad‘omnes
876 2542 1096 2636 tragoedias,
1114 2569 1182 2615 non
1204 2566 1273 2638 po·

153 2648 370 2716 13113151315
396 2649 626 2718 imminuendo
652 2670 1036 2740 personarumuumero
1061 2651 1272 2742 praecipere.

153 2750 265 2839 quue
290 2751 418 2821 factum
443 2761 581 2820 testatur
606 2751 740 2821 Pollux.
791 2755 838 2820 At
860 2773 964 2840 quum
990 2751 1119 2839 chorus
1141 2755 1272 2822 Eume·

153 2854 270 2921 nidum
295 2877 365 2932 non
390 2879 410 2923 e
435 2856 677 2948 quinquaginta
701 2856 863 2954 personis,
888 2864 926 2923 ut
949 2853 1009 2925 1315
1033 2858 1146 2943 1333111,
1160 2857 1272 2926 sede

153 2957 347 3047 quindeohn
374 2960 571 3044 constiterit,
603 2961 658 3027 lex
689 2959 750 3026 1513
783 2981 852 3026 333
876 2960 1039 3050 331315551
1072 2959 1180 3032 513333
1206 2959 1272 3028 XV

153 3083 312 3152 personas
333 3062 499 3148 tribuere,
525 3061 586 3132 sed
611 3061 655 3130 de
680 3062 734 3130 his
760 3062 826 3130 XV
852 3062 978 3150 aliquas
1003 3063 1183 3157 detrahere
1210 3063 1273 3130 de-

153 3164 286 3232 buisset.
346 3165 451 3252 Atqui
481 3187 551 3232 nou
583 3164 689 3234 modo
718 3186 819 3232 nemo
853 3162 898 3232 de
931 3164 999 3233 1335
1025 3188 1062 3232 35
1087 3165 1273 3257 quidquam

152 3267 313 3351 narravit,
345 3268 424 3354 5531,
456 3269 514 3355 qui
543 3261 587 3336 315
614 3266 738 3360 tragici
769 3266 868 3336 chori
891 3268 1040 3358 personis
1065 3271 1268 3339 mentionem
1277 3286 1319 3348 16

152 3370 319 3456 inliciunt,
343 3371 390 3438 113
415 3371 460 3438 de
485 3371 523 3438 115
548 3371 748 3459 loquuntur,
782 3393 823 3440 ao
847 3372 874 3438 si
896 3369 1023 3464 ,chorus
1049 3396 1183 3464 semper
1207 3371 1273 3440 XV

152 3495 313 3563 personas
339 3473 655 3565 comprehenderit,
681 3475 803 3560 veluti,
829 3483 867 3542 ut
891 3475 975 3542 ahos
999 3486 1149 3559 taceam,
1176 3474 1273 3543 Pho-

45 3657 46 3662 ,
151 3578 216 3644 tius
241 3577 276 3644 iu
301 3601 331 3646 v.
358 3577 481 3672 τρίτος
507 3574 713 3673 ἀριστεροῦ.
766 3577 860 3659 Quid
892 3576 987 3664 quod
1019 3577 1162 3670 scriptor
1186 3577 1273 3645 31135

152 3679 339 3770 Sophoclis
365 3689 399 3748 51
424 3679 545 3748 8313135
571 3679 725 3762 chorum,
751 3687 858 3745 331533
878 3702 899 3746 5
922 3679 989 3748 XII
1013 3681 1164 3770 personis
1190 3702 1273 3748 533-
1354 3697 1362 3704 ·

153 3792 315 3867 stantem,
350 3782 395 3850 ab
421 3781 598 3874 Sophocle
632 3781 675 3848 ad
701 3780 767 3849 XV
793 3789 928 3850 auctum
953 3783 1124 3851 scribunt?
1150 3784 1274 3852 Suma-

152 3909 229 3954 mus
245 3886 349 3977 igitur
360 3886 520 3971 alterum,
546 3886 662 3977 legem
678 3885 775 3955 istam
800 3885 845 3958 ad
868 3886 955 3960 solas
969 3887 1175 3956 Eumenides
1192 3911 1275 3981 spe-

153 3997 269 4060 513555.
321 3989 380 4059 815
401 4013 483 4058 3535
507 4013 610 4058 uuum
636 3990 681 4057 de
703 3989 755 4056 his
772 3989 905 4062 duobus
924 3991 1121 4059 continuerit
1138 4014 1275 4061 necesse

53 4109 57 4122 ·
133 4101 230 4179 551,
257 4099 316 4158 aut
337 4114 380 4160 35
395 4093 540 4182 posthac
554 4087 736 4191 σποράδην
753 4093 1043 4163 introducerentur
1056 4094 1191 4202 Furiae,
1217 4103 1275 4163 aut
1335 4137 1337 4144 ·
1366 4128 1376 4148 κ

156 4201 201 4264 35
223 4202 316 4262 13313
336 4217 488 4262 numero.
540 4195 689 4263 Vetitum
702 4196 803 4262 fuisse
823 4219 878 4264 eas
898 4189 1082 4293 σποράδην
1105 4184 1274 4268 introduci

157 4297 380 4368 nontradidit
393 4299 536 4387 Pullus,
559 4318 622 4368 355
638 4320 736 4385 sane,
762 4321 866 4390 quare
880 4300 916 4374 131
930 4299 1178 4393 prohiberetur,
1202 4299 1273 4368 ulla
1321 4391 1323 4396 Ι
