3058 5046
242 367 306 428 rer
355 361 406 422 nn
427 357 687 421 nruruonoon
704 347 950 420 'onmeonvn
970 353 1247 432 ιιιισιιιιιιιι
1310 328 1315 335 ’

243 539 352 602 ortem
372 511 565 623 perhiberi,
597 539 754 622 opertum
776 538 836 600 est.
887 529 961 600 Neo
981 497 1137 598 dubitare
1157 527 1233 597 sinit
1255 527 1366 619 ipsius.

241 634 440 810 ffiffi’
473 633 593 722 Venti,
627 643 680 722 et,
712 634 758 703 de
785 633 905 723 quibus
927 631 1031 720 infra,
1064 630 1230 702 Memnon
1257 640 1363 722 atque

345 892 481 986 Κρΐσς,
507 887 670 982 Seingus,
692 894 739 958 et·
748 887 851 957 Nerei
871 887 942 955 filiu
960 881 1149 985 Εὖρυβίη,
1175 885 1361 978 Latipolla,

243 1000 433 1084 genuerunt
451 987 674 1086 ’Aorpoiom
710 983 932 1079 Πάλλαντα,
974 991 1131 1084 Πέρσην
1190 989 1362 1059 Pertinent

243 1094 458 1167 haecomnia
474 1092 520 1162 od
541 1094 651 1163 sidero
668 1093 835 1184 caelestis.
887 1091 986 1177 Quae
1006 1091 1107 1180 quod
1117 1094 1259 1160 ermari
1275 1115 1362 1184 pro·

243 1197 317 1270 dire
340 1198 550 1281 viderentur,
574 1205 682 1265 motet
701 1218 819 1265 eorum
841 1217 966 1287 magna
985 1196 1035 1262 vis
1059 1194 1157 1263 maris
1177 1217 1249 1263 esse
1269 1195 1364 1266 dicto

244 1308 314 1388 est3
347 1299 441 1389 qnod
464 1307 577 1368 autem
605 1308 761 1391 seperate
785 1307 820 1368 et
844 1297 1009 1388 peculiari
1032 1317 1179 1388 corpore
1206 1299 1364 1388 praedite

175 1437 179 1450 ι
244 1401 326 1470 inde
352 1410 587 1494 exsurgerent,
626 1415 726 1493 poter
752 1400 850 1470 dutus
876 1411 926 1470 est
947 1399 1146 1485 Crius,vis
1096 1401 1363 1492 msseparrtrir
1463 1389 1467 1400 ’

243 1505 425 1574 Νοιιιιιιιιι
450 1513 501 1574 est
525 1527 566 1574 eu
591 1504 772 1625 progenies
797 1504 901 1573 tribus
924 1505 1128 1573 nominrbus:
1152 1498 1363 1599 Ασιρσῖις,

245 1606 437 1692 Pendulus,
470 1627 512 1675 ex
532 1605 654 1676 eudem
671 1607 821 1698 origine,
846 1603 983 1675 unde
958 1599 1074 1707 ασιήρ
1097 1613 1132 1674 et
1157 1603 1316 1696 ἄστρον,
1343 1629 1365 1674 ι

244 1711 351 1778 verbo
379 1709 636 1804 στηρίζεσθαις
675 1703 840 1794 Πάλλας,
880 1701 1047 1792 Botulus,
1084 1717 1246 1797 quaeest
1274 1709 1363 1777 caeli

245 1812 372 1881 circum
397 1833 494 1879 orem
518 1833 615 1880 snum
643 1813 783 1892 ισιιιίος
824 1810 971 1901 deniqne
995 1811 1153 1907 Πέρσης,
1187 1809 1363 1939 Tremens,

245 1915 370 2006 pariter
391 1923 428 1981 ut
449 1913 616 1982 Medusae
635 1913 832 1982 interfector
851 1915 1010 1998 Perseus,
1044 1936 1066 1981 ι
1088 1913 1193 1980 verbo
1210 1912 1362 2011 ιιιίριιν,

235 2039 310 2108 Αριιι
329 2038 397 2107 quo
414 2014 530 2111 περᾷν
554 2018 728 2101 usitatum,
755 2015 879 2086 dictus:
903 2015 964 2087 hio
985 2024 1097 2084 autern
1118 2014 1277 2086 zodiacus
1300 2027 1361 2102 est,

151 2173 154 2180 .
244 2142 348 2212 quem
364 2118 416 2189 sol
437 2126 601 2212 permeat.
652 2119 768 2209 Atque
782 2117 878 2189 «baec
900 2120 949 2187 ite
970 2141 1059 2204 esse,
1082 2117 1131 2186 uti
1150 2116 1238 2206 dixi,
1262 2121 1364 2191 exiis

246 2222 376 2293 clarum
398 2229 458 2306 est,
484 2243 571 2311 quoe
588 2220 632 2290 de
647 2220 772 2290 horum
784 2224 952 2316 progenie
968 2221 1171 2296 reseruntur,

349 2393 488 2462 Astraeo
515 2391 655 2483 quidem
682 2386 929 2483 quum’Ho'c,
960 2393 1073 2478 Aura,
1104 2391 1232 2461 Ventos
1253 2412 1365 2483 pepe-
1399 2455 1407 2466 ,

245 2495 326 2566 risse
349 2494 490 2582 dicitur,
523 2506 738 2588 tempestates
765 2517 807 2564 ex
827 2495 975 2565 sidemm
989 2505 1160 2565 certorum
1183 2503 1260 2563 ortu
1277 2492 1366 2586 pe'n-

247 2598 363 2668 dentes
378 2598 575 2668 indioontur.
608 2598 735 2669 Additi
741 2596 811 2667 duo
827 2620 940 2670 versus
955 2608 1030 2669 sunt
1052 2599 1146 2691 apud
1159 2597 1366 2668 Hesiodum.

425 2775 513 2832 τοις
567 2749 607 2824 dd
655 2742 744 2845 μιν
795 2744 933 2850 ἀστέρα
984 2749 1107 2826 τίκτει
1154 2743 1365 2848 Εωςφόρσι

996 2849 1248 2976 Ηριγιιιια

428 2949 547 3050 ἄστρα
572 2977 615 3027 τι
640 2946 903 3048 λαμπετόωντα
914 3008 929 3045 ,
954 2947 1005 3028 ια’
1023 2981 1048 3028 ι
1056 2979 1237 3078 συραιρς
1257 2957 1364 3028 ἐσσι-

1011 3049 1198 3154 panorm·

206 3255 210 3268 .
248 3205 325 3296 qui,
356 3215 393 3276 ut
422 3206 494 3298 ipse
527 3229 644 3278 eorum
673 3229 776 3278 nexus
806 3229 886 3280 oum
913 3209 1193 3299 praecedentibus
1217 3207 1366 3300 prodere

208 3401 209 3404 Ἴ
248 3307 400 3394 videtur,
433 3310 552 3396 eliam,
588 3333 731 3402 eamque
758 3311 979 3381 recentiorem
1001 3313 1154 3383 subulam
1185 3314 1365 3385 continent.

144 3422 148 3430 ’
192 3421 195 3430 ’
247 3412 336 3480 Nam
352 3411 410 3481 hio
426 3406 525 3492 Hoc
540 3416 720 3481 Auroram
724 3415 907 3518 siguifioat,
934 3423 969 3483 et
983 3426 1184 3508 propterea,
1210 3413 1305 3504 quod
1322 3416 1366 3483 ob

248 3515 379 3584 oriente
393 3515 473 3582 oriri
494 3515 604 3584 sidero
616 3507 789 3604 videntur,
814 3525 922 3585 meter
941 3516 1068 3588 horum
1085 3541 1156 3588 esse
1178 3517 1312 3592 dicitur
1382 3525 1384 3530 '

205 3721 250 3784 ιο
356 3702 514 3802 Sequitur
527 3704 762 3774 maximanatu
780 3703 971 3792 Oceanine,
995 3698 1109 3794 Στύξ,
1136 3703 1260 3798 iligna.
1285 3705 1391 3775 nius*

216 3826 376 3872 nomen
399 3832 420 3876 ι
440 3793 545 3875 uerbo
567 3801 698 3881 στύιιν
712 3806 899 3876 derivatum
915 3817 1088 3878 concretas
1103 3807 1281 3899 frigorem
1302 3809 1368 3875 oris

252 3906 447 3976 borealibus
468 3933 571 3999 aquas
590 3910 798 4002 significare,
823 3909 899 3977 satis
927 3927 1071 4002 urguere
1092 3909 1227 3980 videtur
1250 3910 1368 3978 distin-

171 4075 173 4080 .
252 4016 307 4077 ota
323 4007 523 4101 descriptio,
549 4035 638 4102 quoe
658 4022 708 4082 est
727 4012 762 4079 in
776 4011 983 4105 Theogonis
1006 4037 1026 4080 ι
1048 4035 1079 4081 ι.
1095 4006 1182 4080 775.
1232 4015 1277 4083 Ei
1293 4037 1368 4081 mo-

252 4109 332 4178 ritus
353 4109 450 4182 datus
471 4109 659 4205 licitiae,
655 4113 839 4200 Botulus,
871 4115 966 4203 quod
995 4115 1081 4184 eseli
1109 4112 1238 4186 circum
1270 4137 1367 4185 auem

240 4232 348 4282 'suum
367 4215 533 4286 rotatione
553 4226 644 4298 stato
669 4227 824 4310 tempore
850 4217 971 4286 bruma
992 4217 1090 4288 redit.
1141 4219 1221 4288 Νιιι
1242 4218 1367 4288 horum

254 4326 330 4386 sunt
358 4317 515 4415 Ζῆλος,
525 4319 737 4406 Aemulatio,
777 4317 873 4412 quod
894 4319 1060 4392 alluentes
1077 4295 1227 4451 ςιισιιιιι
1256 4321 1368 4392 undae
