3078 5026
518 373 835 436 nissnnrrrro
862 373 901 436 n.
1148 451 1153 468 ‚
1199 377 1262 441 ror

152 569 219 617 non
241 547 349 638 magis
367 556 542 616 removent
563 547 813 633 difficultatem,
845 567 915 636 qna
936 543 995 618 hic
1017 547 1110 618 locus
1134 549 1262 640 premi-

151 661 214 718 tur.
265 651 347 741 Ego
369 650 508 738 quidem
529 652 632 742 plane
654 672 850 743 persuasum
868 649 952 718 mihi
974 649 1105 730 habeo,
1131 653 1262 745 Dioge-
1299 715 1302 722 .

151 777 229 821 nem
252 753 438 876 &ripsisscr
477 753 538 827 καὶ
567 748 850 846 Ἀστυδάμαντα
876 746 1151 849 πρότεροντῶν
1178 757 1261 850 περὶ

150 857 337 945 Αἰπχνλον
358 853 532 951 ἐτίμησαν
556 849 667 928 εἰκόνι
690 855 810 951 χαλκῇ.
862 853 999 923 Constat
1011 863 1123 924 autem
1136 858 1262 947 saepis-
1297 919 1301 926 .

150 960 233 1026 sime
258 959 455 1026 commutari
480 959 524 1025 ab
545 958 687 1026 librariis
705 959 851 1053 πρῶτον
872 950 1109 1055 οιπρότερον.
1159 951 1262 1050 Asty-
1294 1021 1297 1028 .

150 1055 300 1130 damanti
315 1060 402 1129 enim
423 1061 499 1129 vivo
514 1061 622 1152 posita
637 1069 686 1129 est
704 1070 827 1145 statua,
853 1059 897 1129 de
918 1083 986 1148 qua
1006 1083 1045 1128 re
1067 1059 1208 1130 Photins
1228 1071 1263 1130 et

148 1164 272 1234 Snidas
292 1165 328 1230 in
346 1188 377 1232 v.
400 1155 536 1261 σαυτήν
556 1167 728 1248 ἐπαινεῖς,
763 1172 797 1230 et
817 1162 1074 1253 proverbiorum
1097 1165 1257 1234 collecto-

149 1289 202 1336 res
232 1275 465 1356 exposuerunt.
528 1264 701 1354 Aeschylo
735 1274 848 1334 antem
877 1275 955 1357 post
984 1267 1262 1357 Astydamantem
1291 1330 1294 1340 ,

149 1370 288 1437 demum
314 1368 485 1438 decretam
509 1391 578 1437 esse
595 1377 735 1436 statuam
758 1389 852 1440 ereo
875 1368 1089 1459 intelligitur,
1115 1371 1264 1458 quodid

148 1473 278 1541 factum
302 1481 351 1540 est
374 1472 550 1562 rogatione
574 1471 727 1563 Lycurgi
751 1471 910 1557 oratoris,
937 1493 1040 1560 quem
1060 1472 1262 1542 Plutarchus

147 1575 184 1642 in
204 1575 277 1643 ritis
300 1575 342 1644 X.
363 1584 534 1643 oratorum
559 1596 595 1664 p.
619 1573 705 1642 841.
727 1574 768 1642 E.
789 1574 905 1666 legem
927 1574 1040 1652 tulisse
1063 1575 1193 1660 scribit,
1220 1573 1264 1657 εἰς

149 1677 282 1769 χαλκοῖς
304 1669 442 1758 εἰκόνας
467 1673 663 1750 ἀναθεῖναι
683 1676 756 1750 τῶν
777 1676 938 1774 ποιητοίν
953 1671 1154 1767 Αἰσχύλον,
1179 1684 1262 1753 Σο·
1291 1747 1294 1756 ,

149 1779 340 1876 φοκλέοιίς,
370 1775 587 1877 Εὐριπίδου.
639 1780 744 1868 Atqui
765 1780 965 1870 Astydamas
985 1781 1132 1871 primum
1156 1781 1262 1850 edidit
1289 1851 1292 1860 ,

148 1881 360 1974 tragoediam
384 1881 525 1974 Olymp.
552 1882 657 1952 XCV.
685 1881 720 1950 2.
742 1890 824 1952 teste
845 1881 1001 1952 Diodoro
1029 1883 1146 1954 Siculo
1169 1884 1262 1953 xlv.

148 1983 210 2052 43.
233 2008 302 2075 qno
325 1994 480 2076 tempore
502 2008 588 2078 puer
610 1985 724 2056 adhuc
746 1994 817 2055 erat
841 1985 1035 2078 Lycurgus,
1061 1988 1120 2077 qni
1142 2010 1263 2058 secun-
1288 2047 1293 2058 .

148 2087 231 2156 dnm
250 2087 393 2178 Taylori
414 2089 609 2157 sententiam
632 2091 666 2156 in
688 2089 895 2179 praelatione
918 2089 963 2157 ad
989 2090 1059 2159 eius
1078 2091 1263 2159 orationem

147 2213 184 2282 p.
206 2188 293 2264 1⁰5.
318 2191 371 2260 ed.
391 2191 505 2260 Rcisk.
527 2191 617 2261 circa
641 2189 921 2281 Olymp.XClll.
942 2201 1116 2260 natusest.
1168 2194 1262 2262 Con-

148 2294 239 2363 venit
255 2309 332 2361 cum
345 2295 400 2362 his
427 2294 527 2361 etiam
547 2293 729 2361 Pausaniae
744 2292 788 2360 de
803 2292 968 2382 Aeschyli
985 2302 1091 2362 statua
1110 2295 1262 2364 testimo-

147 2369 260 2480 ninm,
285 2397 344 2483 qni
361 2393 465 2478 121,
491 2393 526 2461 3.
542 2396 589 2464 sic
603 2396 732 2464 scribitz
757 2389 824 2490 τήν
843 2395 883 2468 dd
898 2388 1018 2467 εἰκόνα
1035 2395 1105 2468 τοῦ
1117 2391 1262 2485 Αἰσχιί-
1287 2465 1288 2470 ,

147 2504 215 2572 λον
241 2493 361 2590 πολλῷ
379 2526 421 2572 τε
438 2495 589 2593 ὕστερον
606 2495 669 2593 τῆς
682 2495 849 2593 τελευτῆς
871 2496 965 2570 δοκεῖ
977 2498 1180 2595 ποιηθῆναι
1202 2498 1262 2570 καὶ

149 2600 215 2696 τῆς
229 2601 387 2694 γραφῆς,
413 2629 435 2698 η
456 2592 503 2672 cd
522 2601 626 2696 ἔργον
648 2601 721 2689 ἔχει
743 2592 791 2672 τιί
812 2603 850 2672 ἰν
863 2600 1091 2694 Μαραθῶνι.
1142 2602 1261 2690 ltaque

148 2702 219 2772 hoc
242 2703 324 2770 dicit
354 2704 542 2795 Diogenes,
582 2703 825 2793 perversissime
856 2701 1004 2786 indicare
1043 2704 1157 2772 solitos
1191 2727 1262 2772 esse

149 2804 385 2892 Athenienses,
423 2807 482 2894 qni
500 2804 788 2894 quemadmodum
810 2804 855 2872 de
881 2805 1021 2874 Socrate
1041 2806 1177 2897 eiusque
1199 2811 1306 2884 ιτα-2ο

150 2909 352 2978 cusatoribus
369 2909 478 2978 *brevi
508 2909 669 2999 temporis
694 2909 802 2999 spatio
833 2907 1052 2978 diversissima
1080 2913 1285 2996 statuerint,¹

132 3011 196 3080 ,ita
222 3011 409 3081 Homerum
432 3012 684 3102 Tyrtaeumque
712 3011 853 3082 insanire
872 2995 1092 3102 putaverint,
1111 3013 1260 3104 Astyda-

149 3119 297 3182 inantem
315 3137 414 3200 vero,
438 3117 629 3206 arrogantia
649 3116 757 3206 magis
782 3136 885 3203 quam
911 3122 981 3182 arte
1007 3122 1143 3202 notum,
1168 3117 1261 3208 prius

149 3216 387 3290 honoraverint
404 3225 528 3303 statua,
561 3239 664 3306 quam
690 3225 864 3308 parentem
886 3215 1084 3308 tragoediae
1104 3219 1283 3309 Aeschy-.

149 3319 230 3388 lum.
289 3320 507 3390 Removimus
544 3313 631 3400 τοίς
657 3319 739 3414 περὶ
767 3312 970 3409 Αἰσχύλον,
1009 3320 1085 3410 qui,
1125 3332 1281 3414 praeter.

148 3423 259 3514 ipsum
281 3424 508 3513 Aeschylum,
545 3443 613 3490 non
636 3421 770 3490 inertum
787 3443 948 3510 nmquam
969 3424 1037 3490 nlli.
1096 3424 1260 3512 Reliquus
1369 3423 1373 3434 '

150 3534 212 3595 est'
223 3527 442 3618 Euphorion,
466 3517 553 3594 lilius
566 3524 747 3623 Aeschyli,
773 3525 818 3592 de
834 3545 903 3614 quo
921 3547 1025 3613 quum
1040 3525 1164 3594 Snidas
1177 3526 1260 3596 scri-
1273 3587 1279 3594 .

148 3630 226 3714 bat,
254 3629 292 3709 dc
306 3627 454 3709 καὶτοῖς
467 3627 537 3701 τοῦ
551 3622 689 3722 πατρὸς
702 3620 906 3717 Αἰσχύλον,
925 3625 978 3706 οἷς
991 3619 1097 3723 μήπω
1115 3623 1159 3724 ἤν
1175 3623 1275 3706 ἔπιέ,

149 3725 372 3822 δειεοίμενος,
416 3722 582 3826 τετράκις
612 3728 789 3824 ἐνίκησεν,
838 3727 1034 3797 Boeckhins
1056 3731 1259 3808 nonmodo

147 3855 184 3925 p.
210 3832 270 3901 32.
293 3834 330 3902 id
349 3835 476 3904 factum
500 3839 599 3924 putat
621 3831 762 3922 Olymp.
786 3830 990 3900 tumvlo
1012 3854 1082 3921 quo
1103 3841 1258 3926 tempore

147 3937 360 4028 Sophoclem
386 3947 487 4028 atque
507 3934 707 4026 Euripidem
728 3936 772 4004 ab
788 3933 1011 4026 Euphorione
1034 3936 1159 4006 victum
1180 3961 1257 4006 nar-

148 4049 201 4107 rat
217 4037 461 4130 Aristophanes
474 4039 655 4130 Byzantius
675 4041 711 4106 in
733 4047 931 4130 argumento
951 4037 1100 4109 Medeae
1117 4041 1258 4134 Euripi-

149 4141 220 4228 dis,
254 4141 314 4210 sed
333 4164 368 4231 p.
388 4139 449 4210 55.
472 4143 572 4216 etiam
587 4141 760 4232 Aeschylo
774 4143 810 4207 in
828 4141 943 4209 Sicilia
965 4141 1113 4234 degente
1126 4143 1258 4215 fabulas

150 4245 220 4314 eins
239 4248 283 4314 ab
302 4244 525 4337 Euphorione
550 4244 658 4315 aliove
680 4242 842 4332 Aeschyli
864 4251 1009 4340 cognato
1030 4247 1076 4324 in,
1089 4257 1257 4318 certamen

152 4345 280 4419 delatas
304 4350 504 4444 suspicatur,
529 4348 575 4418 ita
597 4357 635 4417 nt
658 4347 746 4418 istud
763 4347 818 4429 οἷς
835 4341 942 4443 μήπω
961 4343 1004 4444 ἤν
1027 4345 1258 4446 ἰπιδιιξιίμε-.

1246 4513 1267 4562 0
