3080 5054
344 317 485 390 REGIS
513 323 813 388 SOLEMNIBVS
843 325 1154 390 SEMleECVL.
1239 332 1304 396 848

189 500 287 568 firma
301 505 429 566 tantum
441 507 600 586 maneret,
625 497 685 566 sed
700 499 800 568 etiam
815 507 1006 590 augeretur,
1032 500 1208 590 maiorque
1222 513 1302 572 era.-

185 603 305 685 deret,
331 624 433 691 qnam
448 603 603 676 ullaulla
624 602 657 678 in
679 612 776 690 parte
799 601 1015 680 Germaniae,
1072 603 1164 688 Quin
1183 628 1225 673 ne
1238 627 1302 678 ‚ro-

189 705 382 774 centissimis
397 705 537 794 quidem
561 706 788 796 temporibus,
815 727 920 795 quum
941 712 1067 774 vastata
1089 715 1123 774 et
1142 704 1303 782 exhausta

187 809 336 878 Saxonis
359 831 380 875 a
399 809 497 878 sociis
517 810 645 899 pariter
665 819 766 896 atque
785 809 829 877 ab
850 806 1020 893 hostibus,
1046 797 1149 898 atque
1167 810 1303 901 insuper

185 934 315 1004 magna
342 922 375 978 et
393 911 561 1002 inprimis
582 911 627 980 ad
646 912 774 985 reditus
796 912 893 988 uberi
914 923 1010 1002 parte
1031 913 1221 997 imminuta,
1256 913 1301 982 ad

188 1037 355 1091 summam
369 1024 453 1083 esset
466 1015 633 1085 miseriam
647 1015 803 1102 redacta,
828 1025 1071 1106 novumqueet
1084 1016 1169 1084 illnd
1183 1017 1301 1108 ingens

186 1127 396 1192 contractum
411 1128 494 1188 esset
508 1141 562 1194 aes
575 1119 730 1206 alienun,
756 1128 814 1196 ant
828 1119 949 1198 civium
964 1119 1049 1188 dura
1065 1118 1128 1188 fuit
1141 1117 1301 1205 conditio,

188 1229 246 1290 aut
265 1220 311 1290 de
324 1261 327 1266 ·
339 1219 409 1290 lide
432 1221 573 1292 civitatis
591 1221 776 1310 quidquam
797 1223 986 1303 detractum
1007 1231 1073 1306 est,
1107 1222 1211 1302 immo
1232 1244 1301 1292 non
1329 1245 1332 1251 ·

186 1325 295 1392 minos
305 1323 437 1416 integra
451 1333 538 1400 stant
550 1326 679 1410 omnia,
706 1347 807 1414 quam
823 1325 850 1402 si
863 1325 1018 1406 diuturna
1034 1347 1123 1415 pace
1138 1347 1186 1403 ,ac
1200 1348 1300 1416 pros·

185 1427 335 1518 porrima
350 1450 371 1494 a
385 1427 499 1516 multis
512 1428 602 1499 annis
619 1428 754 1499 fortuna
771 1452 915 1510 essemus
931 1429 990 1499 usi.
1029 1423 1197 1508 Nimirum
1213 1429 1299 1496 dua·

186 1532 253 1600 bus
264 1530 323 1600 ille
338 1529 408 1602 boc
426 1532 550 1604 artibus
564 1531 698 1615 effecit,
723 1555 800 1617 nna,
827 1530 921 1622 quod
935 1531 1040 1610 tidem
1051 1531 1090 1608 ,io
1104 1533 1204 1604 robus
1222 1553 1299 1601 om-

185 1635 284 1704 nibus
317 1635 575 1708 constantissime
610 1635 767 1720 servavit,
802 1636 852 1714 ,ita
883 1643 943 1720 ut,
997 1633 1092 1723 quod
1123 1633 1297 1730 Saxonum

185 1737 263 1806 Rex
282 1737 520 1828 promississet,
552 1748 646 1808 certo
669 1741 777 1814 ratum
801 1739 876 1807 fore
890 1748 924 1806 et
938 1737 1025 1814 cives
1042 1748 1076 1806 at
1095 1739 1198 1808 exteri
1215 1760 1300 1814 cun*
1327 1797 1332 1828 ,

184 1839 344 1921 fiderent3
378 1843 485 1910 altera
515 1842 609 1931 quod
641 1843 729 1910 bene
760 1841 987 1927 intellexerat,
1027 1841 1149 1930 quibus
1184 1841 1300 1914 limiti-

184 1945 301 2013 basse
328 1945 498 2014 continere
527 1945 669 2016 deberet
689 1945 842 2018 officium
861 1945 1041 2036 principis,
1075 1946 1197 2013 sinon
1221 1967 1300 2013 mo·
1359 1981 1361 1992 =

185 2046 233 2115 do
257 2047 383 2116 salvam
409 2070 478 2116 csse
497 2049 761 2139 rempublicam,
795 2049 856 2118 sed
885 2049 985 2117 etiam
1010 2047 1133 2138 opibus
1164 2057 1198 2119 et
1219 2047 1299 2116 feli-

185 2151 286 2220 citate
305 2151 429 2219 civium
453 2151 576 2228 florere
598 2150 714 2223 vellet.
793 2150 862 2235 Qui
883 2151 910 2216 si
932 2152 1110 2238 quisquam
1136 2150 1236 2233 alius,
1261 2149 1299 2216 id

185 2253 315 2344 optime
328 2254 465 2345 singulis
478 2253 575 2328 factis
597 2253 662 2326 suis
677 2251 847 2336 ¹ostendit,
873 2274 941 2320 non
964 2251 1132 2322 civitatem
1154 2251 1300 2342 principi

184 2357 325 2441 servire,
367 2356 427 2424 sed
452 2356 640 2448 principem
670 2355 809 2432 civitatis
831 2378 947 2424 caussa
974 2378 1043 2423 esse
1074 2353 1299 2423 constitutum.

184 2459 291 2544 Quod
307 2460 366 2530 etsi
380 2458 485 2530 hodie
499 2459 636 2547 quidem
652 2480 752 2534 nemo
772 2459 892 2546 estqui
907 2458 1047 2526 dubium
1068 2479 1140 2524 esse
1155 2466 1299 2540 censeat,
1358 2487 1361 2498 ·

184 2571 298 2632 tamen
309 2565 383 2653 ipsa
395 2562 535 2632 civitatis
549 2561 786 2640 administratio
801 2562 846 2629 ita
859 2569 971 2653 potest
984 2561 1226 2645 institutaesso,
1250 2569 1297 2644 ut,

184 2666 286 2734 etiarn
301 2667 328 2732 si
341 2666 451 2734 verbis
466 2666 666 2736 contrarium
681 2688 765 2756 prae
784 2688 821 2734 se
842 2665 947 2750 ferat,
980 2687 1017 2731 re
1040 2671 1152 2730 tamen
1168 2663 1345 2755 princi-18

184 2790 266 2858 pem
288 2766 463 2836 dominum
484 2769 588 2840 laniat
605 2769 746 2853 civium,
773 2769 817 2836 ad
835 2790 937 2858 quem
959 2766 1226 2855 sustentandum,
1253 2766 1299 2835 ad

184 2870 278 2940 cuius
297 2870 453 2940 libidines
477 2872 679 2964 explendas,
715 2872 760 2940 ad
788 2873 879 2942 ouius
899 2871 1084 2962 potentiam
1107 2870 1299 2965 augendam

180 2995 268 3063 opes
283 2976 436 3065 viresqrm
449 2977 573 3047 civium
588 2975 736 3052 conferri
753 2985 854 3066 atque
869 2977 1020 3060 absumi,¹
1038 2975 1192 3063 ciuesque
1208 2974 1300 3064 ipsos

182 3099 252 3144 non
267 3099 327 3148 sua
340 3080 491 3170 ipsorum
515 3103 648 3164 caussa,
674 3079 736 3154 sed
757 3088 794 3155 nt
814 3079 962 3170 principi
983 3077 1061 3157 satis
1080 3079 1193 3144 facere
1214 3075 1315 3166 pos?

184 3181 267 3264 sint,
292 3183 462 3273 prosperis
483 3184 583 3250 rebus
605 3183 654 3249 uti
675 3181 766 3256 velit.
797 3263 799 3274 Ι
825 3180 930 3268 Atqui
949 3179 1133 3269 plurimum
1151 3179 1298 3263 interest,

182 3284 277 3353 ouius
301 3284 548 3378 necessitatibus
570 3283 727 3358 ‚inserviat
748 3283 881 3368 civitas,
907 3281 1034 3370 suisne,
1056 3304 1100 3348 an
1120 3281 1299 3374 principis:

183 3388 280 3476 quia,
306 3388 421 3472 sisois,
447 3388 516 3456 nbn
533 3393 649 3478 ,potest
670 3408 739 3460 nou
763 3383 808 3453 ad
832 3385 1015 3460 maximum
1038 3385 1160 3466 florem
1181 3384 1298 3463 evehi;

184 3492 233 3558 sin
248 3491 419 3587 principis,
445 3491 526 3580 qnid
543 3489 646 3574 aliud,
672 3513 785 3578 quam,
798 3513 904 3578 quum
919 3489 1031 3556 omnia
1044 3490 1182 3572 incerta,
1195 3487 1299 3572 fluxa,

182 3595 357 3664 mutabilia
382 3595 463 3680 sint,
496 3595 599 3668 serius
620 3594 712 3665 ocius
730 3594 827 3686 gravi
847 3591 1069 3662 vicissitudine
1092 3615 1111 3660 e
1132 3591 1298 3682 specioso,

183 3696 348 3766 sed'inani
362 3697 564 3788 splendore,
589 3698 777 3766 labantibus
797 3695 1048 3782 fundamentis,
1069 3692 1225 3764 concidet
1245 3701 1299 3760 at·
1338 3690 1341 3697 ’

183 3821 251 3888 qne
268 3801 425 3871 corruet?
450 3802 563 3890 qualia
577 3824 682 3889 quum
697 3801 763 3868 alia
780 3801 984 3884 exstiterunt,
1009 3807 1081 3867 tum
1097 3807 1209 3866 nostra
1222 3818 1298 3864 me-

182 3905 293 3971 moria
304 3905 557 3975 illustrissimum
572 3904 765 3995 exemplum
781 3903 909 3978 fractae
925 3901 1104 3993 Gallorum
1116 3903 1299 3991 immensae

178 4008 365 4097 potentiae.
413 4009 530 4094 ‚Quam
551 4008 657 4100 longe
680 4009 746 4077 alia
766 4016 878 4080 urente
898 4006 1066 4082 Senoniae
1081 4029 1134 4076 res
1154 4004 1297 4072 admini-

185 4113 300 4178 stravit
313 4112 395 4180 Rnx
415 4122 545 4195 noster,
571 4113 630 4200 qui
653 4109 1009 4202 praeterquamquod
1029 4108 1074 4177 ad
1098 4109 1298 4200 dignitatem

178 4213 307 4284 domus
320 4218 436 4307 regiae
449 4214 610 4288 tuendam
624 4216 846 4288 necessarium
860 4222 957 4296 esset,
982 4212 1066 4280 nibil
1080 4213 1141 4281 sibi
1157 4211 1231 4279 dari
1245 4211 1297 4276 la-

176 4318 383 4408 borariqne,
416 4341 484 4396 non
503 4341 577 4407 suas
602 4340 704 4412 opes,
736 4341 831 4394 suam
851 4317 1038 4413 potentiani
1065 4340 1106 4392 ex
1132 4313 1299 4398 molesllur
