<?xml version="1.0" encoding="UTF-8"?>
<!DOCTYPE html PUBLIC "-//W3C//DTD XHTML 1.0 Transitional//EN"
    "http://www.w3.org/TR/xhtml1/DTD/xhtml1-transitional.dtd">
<html xmlns="http://www.w3.org/1999/xhtml" xml:lang="en" lang="en">
 <head>
  <title>
</title>
<meta http-equiv="Content-Type" content="text/html;charset=utf-8" />
  <meta name='ocr-system' content='tesseract 3.04.00' />
  <meta name='ocr-capabilities' content='ocr_page ocr_carea ocr_par ocr_line ocrx_word'/>
</head>
<body>
  <div class='ocr_page' id='page_1' title='image "./opuscula03hermgoog_0107.png"; bbox 0 0 3078 5026; ppageno 0'>
   <div class='ocr_carea' id='block_1_1' title="bbox 262 348 1044 430">
    <p class='ocr_par' dir='ltr' id='par_1_1' title="bbox 262 348 1044 430">
     <span class='ocr_line' id='line_1_1' title="bbox 262 348 1044 430; baseline -0.001 -15"><span class='ocrx_word' id='word_1_1' title='bbox 262 352 307 415; x_wconf 84' lang='lat' dir='ltr'>or</span> <span class='ocrx_word' id='word_1_2' title='bbox 587 348 1044 430; x_wconf 70' lang='lat' dir='ltr'>onaascarnr</span> 
     </span>
    </p>
   </div>
   <div class='ocr_carea' id='block_1_2' title="bbox 99 519 1482 4425">
    <p class='ocr_par' dir='ltr' id='par_1_2' title="bbox 262 519 1372 612">
     <span class='ocr_line' id='line_1_2' title="bbox 262 519 1372 612; baseline 0 -24"><span class='ocrx_word' id='word_1_3' title='bbox 262 526 354 588; x_wconf 87' lang='lat' dir='ltr'>tauto</span> <span class='ocrx_word' id='word_1_4' title='bbox 368 519 460 588; x_wconf 86' lang='lat' dir='ltr'>malo</span> <span class='ocrx_word' id='word_1_5' title='bbox 477 521 673 612; x_wconf 85' lang='lat' dir='ltr'>praesertim</span> <span class='ocrx_word' id='word_1_6' title='bbox 685 519 859 592; x_wconf 88' lang='lat' dir='ltr'>homiuem</span> <span class='ocrx_word' id='word_1_7' title='bbox 871 523 1008 592; x_wconf 85' lang='lat' dir='ltr'>Persam</span> <span class='ocrx_word' id='word_1_8' title='bbox 1028 520 1179 608; x_wconf 89' lang='lat' dir='ltr'>decebat,</span> <span class='ocrx_word' id='word_1_9' title='bbox 1204 535 1284 592; x_wconf 86' lang='lat' dir='ltr'>cum</span> <span class='ocrx_word' id='word_1_10' title='bbox 1296 519 1372 590; x_wconf 85' lang='lat' dir='ltr'>cla-·</span> 
     </span>
    </p>

    <p class='ocr_par' dir='ltr' id='par_1_3' title="bbox 262 624 1372 716">
     <span class='ocr_line' id='line_1_3' title="bbox 262 624 1372 716; baseline 0.001 -25"><span class='ocrx_word' id='word_1_11' title='bbox 262 646 357 691; x_wconf 90' lang='lat' dir='ltr'>more</span> <span class='ocrx_word' id='word_1_12' title='bbox 380 645 513 709; x_wconf 84' lang='lat' dir='ltr'>scenam</span> <span class='ocrx_word' id='word_1_13' title='bbox 528 624 737 715; x_wconf 88' lang='lat' dir='ltr'>ingrediens,</span> <span class='ocrx_word' id='word_1_14' title='bbox 764 635 796 693; x_wconf 88' lang='lat' dir='ltr'>et</span> <span class='ocrx_word' id='word_1_15' title='bbox 815 627 926 716; x_wconf 91' lang='lat' dir='ltr'>primo</span> <span class='ocrx_word' id='word_1_16' title='bbox 949 627 1138 694; x_wconf 89' lang='lat' dir='ltr'>summatim</span> <span class='ocrx_word' id='word_1_17' title='bbox 1159 632 1200 694; x_wconf 85' lang='lat' dir='ltr'>ac</span> <span class='ocrx_word' id='word_1_18' title='bbox 1222 625 1291 692; x_wconf 89' lang='lat' dir='ltr'>sine</span> <span class='ocrx_word' id='word_1_19' title='bbox 1313 646 1372 692; x_wconf 88' lang='lat' dir='ltr'>or-</span> 
     </span>
    </p>

    <p class='ocr_par' dir='ltr' id='par_1_4' title="bbox 137 726 1372 826">
     <span class='ocr_line' id='line_1_4' title="bbox 137 726 1372 826; baseline 0.002 -33"><span class='ocrx_word' id='word_1_20' title='bbox 137 810 140 826; x_wconf 70' lang='lat'>.</span> <span class='ocrx_word' id='word_1_21' title='bbox 262 726 340 793; x_wconf 89' lang='lat' dir='ltr'>diue</span> <span class='ocrx_word' id='word_1_22' title='bbox 360 749 431 795; x_wconf 88' lang='lat' dir='ltr'>rem</span> <span class='ocrx_word' id='word_1_23' title='bbox 454 749 588 796; x_wconf 89' lang='lat' dir='ltr'>omnem</span> <span class='ocrx_word' id='word_1_24' title='bbox 610 726 796 796; x_wconf 85' lang='lat' dir='ltr'>effundens.</span> <span class='ocrx_word' id='word_1_25' title='bbox 854 729 966 812; x_wconf 78' lang='lat' dir='ltr'>Quem</span> <span class='ocrx_word' id='word_1_26' title='bbox 983 729 1065 796; x_wconf 94' lang='lat' dir='ltr'>dum</span> <span class='ocrx_word' id='word_1_27' title='bbox 1091 727 1214 796; x_wconf 86' lang='lat' dir='ltr'>chorus</span> <span class='ocrx_word' id='word_1_28' title='bbox 1240 727 1372 795; x_wconf 82' lang='lat' dir='ltr'>sublata</span> 
     </span>
    </p>

    <p class='ocr_par' dir='ltr' id='par_1_5' title="bbox 260 829 1372 922">
     <span class='ocr_line' id='line_1_5' title="bbox 260 829 1372 922; baseline 0 -26"><span class='ocrx_word' id='word_1_29' title='bbox 260 829 397 920; x_wconf 82' lang='lat' dir='ltr'>lugubri</span> <span class='ocrx_word' id='word_1_30' title='bbox 419 831 660 901; x_wconf 80' lang='lat' dir='ltr'>acclamatione</span> <span class='ocrx_word' id='word_1_31' title='bbox 679 832 808 920; x_wconf 89' lang='lat' dir='ltr'>saepius</span> <span class='ocrx_word' id='word_1_32' title='bbox 831 831 1036 922; x_wconf 82' lang='lat' dir='ltr'>interpellat,</span> <span class='ocrx_word' id='word_1_33' title='bbox 1068 831 1160 915; x_wconf 88' lang='lat' dir='ltr'>silet,</span> <span class='ocrx_word' id='word_1_34' title='bbox 1185 838 1224 900; x_wconf 89' lang='lat' dir='ltr'>ut</span> <span class='ocrx_word' id='word_1_35' title='bbox 1242 830 1372 922; x_wconf 87' lang='lat' dir='ltr'>regiam</span> 
     </span>
    </p>

    <p class='ocr_par' dir='ltr' id='par_1_6' title="bbox 99 931 1371 1025">
     <span class='ocr_line' id='line_1_6' title="bbox 99 931 1371 1025; baseline -0.001 -25"><span class='ocrx_word' id='word_1_36' title='bbox 99 931 103 950; x_wconf 88' lang='lat'><em>&#39;</em></span> <span class='ocrx_word' id='word_1_37' title='bbox 177 995 180 1004; x_wconf 82' lang='grc'><strong><em>,</em></strong></span> <span class='ocrx_word' id='word_1_38' title='bbox 259 933 462 1002; x_wconf 84' lang='lat' dir='ltr'>maiestatem</span> <span class='ocrx_word' id='word_1_39' title='bbox 482 933 640 1021; x_wconf 83' lang='lat' dir='ltr'>decebat,</span> <span class='ocrx_word' id='word_1_40' title='bbox 673 934 812 1001; x_wconf 87' lang='lat' dir='ltr'>Atussa:</span> <span class='ocrx_word' id='word_1_41' title='bbox 853 933 913 1002; x_wconf 89' lang='lat' dir='ltr'>sed</span> <span class='ocrx_word' id='word_1_42' title='bbox 939 934 1059 1025; x_wconf 89' lang='lat' dir='ltr'>paullo</span> <span class='ocrx_word' id='word_1_43' title='bbox 1085 942 1180 1024; x_wconf 86' lang='lat' dir='ltr'>post,</span> <span class='ocrx_word' id='word_1_44' title='bbox 1214 943 1371 1023; x_wconf 88' lang='lat' dir='ltr'>superato</span> 
     </span>
    </p>

    <p class='ocr_par' dir='ltr' id='par_1_7' title="bbox 260 1036 1372 1128">
     <span class='ocr_line' id='line_1_7' title="bbox 260 1036 1372 1128; baseline 0 -26"><span class='ocrx_word' id='word_1_45' title='bbox 260 1036 372 1126; x_wconf 91' lang='lat' dir='ltr'>primo</span> <span class='ocrx_word' id='word_1_46' title='bbox 388 1036 514 1102; x_wconf 91' lang='lat' dir='ltr'>doloris</span> <span class='ocrx_word' id='word_1_47' title='bbox 530 1037 676 1126; x_wconf 89' lang='lat' dir='ltr'>impetu,</span> <span class='ocrx_word' id='word_1_48' title='bbox 702 1038 798 1128; x_wconf 83' lang='lat' dir='ltr'>gravi</span> <span class='ocrx_word' id='word_1_49' title='bbox 811 1039 961 1111; x_wconf 87' lang='lat' dir='ltr'>oratione</span> <span class='ocrx_word' id='word_1_50' title='bbox 977 1037 1133 1105; x_wconf 89' lang='lat' dir='ltr'>nuncium</span> <span class='ocrx_word' id='word_1_51' title='bbox 1149 1059 1221 1103; x_wconf 92' lang='lat' dir='ltr'>rem</span> <span class='ocrx_word' id='word_1_52' title='bbox 1237 1058 1372 1104; x_wconf 90' lang='lat' dir='ltr'>omnem</span> 
     </span>
    </p>

    <p class='ocr_par' dir='ltr' id='par_1_8' title="bbox 238 1127 1373 1232">
     <span class='ocr_line' id='line_1_8' title="bbox 238 1127 1373 1232; baseline 0.001 -28"><span class='ocrx_word' id='word_1_53' title='bbox 238 1161 412 1228; x_wconf 76' lang='lat' dir='ltr'>enanare</span> <span class='ocrx_word' id='word_1_54' title='bbox 442 1140 545 1206; x_wconf 91' lang='lat' dir='ltr'>iubet.</span> <span class='ocrx_word' id='word_1_55' title='bbox 598 1139 667 1222; x_wconf 79' lang='lat' dir='ltr'>Qui</span> <span class='ocrx_word' id='word_1_56' title='bbox 689 1141 819 1229; x_wconf 89' lang='lat' dir='ltr'>primo,</span> <span class='ocrx_word' id='word_1_57' title='bbox 844 1140 937 1230; x_wconf 92' lang='lat' dir='ltr'>quod</span> <span class='ocrx_word' id='word_1_58' title='bbox 958 1141 1096 1232; x_wconf 86' lang='lat' dir='ltr'>egregie</span> <span class='ocrx_word' id='word_1_59' title='bbox 1119 1163 1139 1207; x_wconf 98' lang='lat' dir='ltr'>a</span> <span class='ocrx_word' id='word_1_60' title='bbox 1159 1148 1261 1229; x_wconf 88' lang='lat' dir='ltr'>poeta</span> <span class='ocrx_word' id='word_1_61' title='bbox 1274 1127 1373 1210; x_wconf 87' lang='lat' dir='ltr'>iusti-</span> 
     </span>
    </p>

    <p class='ocr_par' dir='ltr' id='par_1_9' title="bbox 257 1241 1373 1332">
     <span class='ocr_line' id='line_1_9' title="bbox 257 1241 1373 1332; baseline -0.001 -24"><span class='ocrx_word' id='word_1_62' title='bbox 257 1249 365 1308; x_wconf 91' lang='lat' dir='ltr'>tutum</span> <span class='ocrx_word' id='word_1_63' title='bbox 386 1249 450 1326; x_wconf 86' lang='lat' dir='ltr'>est,</span> <span class='ocrx_word' id='word_1_64' title='bbox 476 1242 634 1332; x_wconf 86' lang='lat' dir='ltr'>singulari</span> <span class='ocrx_word' id='word_1_65' title='bbox 653 1265 748 1311; x_wconf 87' lang='lat' dir='ltr'>versu</span> <span class='ocrx_word' id='word_1_66' title='bbox 764 1245 908 1312; x_wconf 84' lang='lat' dir='ltr'>Xerxem</span> <span class='ocrx_word' id='word_1_67' title='bbox 931 1244 1060 1310; x_wconf 88' lang='lat' dir='ltr'>salvum</span> <span class='ocrx_word' id='word_1_68' title='bbox 1081 1265 1151 1310; x_wconf 87' lang='lat' dir='ltr'>esse</span> <span class='ocrx_word' id='word_1_69' title='bbox 1171 1242 1280 1309; x_wconf 83' lang='lat' dir='ltr'>refert.</span> <span class='ocrx_word' id='word_1_70' title='bbox 1331 1241 1373 1308; x_wconf 92' lang='lat' dir='ltr'>lu</span> 
     </span>
    </p>

    <p class='ocr_par' dir='ltr' id='par_1_10' title="bbox 257 1341 1373 1436">
     <span class='ocr_line' id='line_1_10' title="bbox 257 1341 1373 1436; baseline -0.001 -25"><span class='ocrx_word' id='word_1_71' title='bbox 257 1341 329 1414; x_wconf 92' lang='lat' dir='ltr'>hoc</span> <span class='ocrx_word' id='word_1_72' title='bbox 352 1343 473 1428; x_wconf 73' lang='lat' dir='ltr'>enim,</span> <span class='ocrx_word' id='word_1_73' title='bbox 497 1345 681 1412; x_wconf 89' lang='lat' dir='ltr'>secundum</span> <span class='ocrx_word' id='word_1_74' title='bbox 710 1347 885 1414; x_wconf 88' lang='lat' dir='ltr'>Persarum</span> <span class='ocrx_word' id='word_1_75' title='bbox 913 1347 1124 1436; x_wconf 88' lang='lat' dir='ltr'>opinionem,</span> <span class='ocrx_word' id='word_1_76' title='bbox 1169 1367 1299 1412; x_wconf 90' lang='lat' dir='ltr'>summa</span> <span class='ocrx_word' id='word_1_77' title='bbox 1323 1344 1373 1411; x_wconf 89' lang='lat' dir='ltr'>rel</span> 
     </span>
    </p>

    <p class='ocr_par' dir='ltr' id='par_1_11' title="bbox 259 1435 1371 1540">
     <span class='ocr_line' id='line_1_11' title="bbox 259 1435 1371 1540; baseline -0.002 -26"><span class='ocrx_word' id='word_1_78' title='bbox 259 1447 460 1514; x_wconf 82' lang='lat' dir='ltr'>versabatur.</span> <span class='ocrx_word' id='word_1_79' title='bbox 519 1435 633 1531; x_wconf 78' lang='lat' dir='ltr'>Quare</span> <span class='ocrx_word' id='word_1_80' title='bbox 661 1448 750 1534; x_wconf 91' lang='lat' dir='ltr'>hoc,</span> <span class='ocrx_word' id='word_1_81' title='bbox 790 1459 828 1516; x_wconf 89' lang='lat' dir='ltr'>ut</span> <span class='ocrx_word' id='word_1_82' title='bbox 856 1449 1069 1540; x_wconf 89' lang='lat' dir='ltr'>primarium,</span> <span class='ocrx_word' id='word_1_83' title='bbox 1108 1449 1224 1538; x_wconf 88' lang='lat' dir='ltr'>paucis</span> <span class='ocrx_word' id='word_1_84' title='bbox 1252 1447 1371 1532; x_wconf 77' lang='lat' dir='ltr'>verbis,</span> 
     </span>
    </p>

    <p class='ocr_par' dir='ltr' id='par_1_12' title="bbox 260 1549 1381 1642">
     <span class='ocr_line' id='line_1_12' title="bbox 260 1549 1381 1642; baseline -0.002 -25"><span class='ocrx_word' id='word_1_85' title='bbox 260 1549 320 1619; x_wconf 85' lang='lat' dir='ltr'>sed</span> <span class='ocrx_word' id='word_1_86' title='bbox 342 1550 385 1617; x_wconf 94' lang='lat' dir='ltr'>ab</span> <span class='ocrx_word' id='word_1_87' title='bbox 406 1551 480 1640; x_wconf 91' lang='lat' dir='ltr'>ipsa</span> <span class='ocrx_word' id='word_1_88' title='bbox 501 1551 711 1642; x_wconf 82' lang='lat' dir='ltr'>simplicitate</span> <span class='ocrx_word' id='word_1_89' title='bbox 727 1553 965 1622; x_wconf 85' lang='lat' dir='ltr'>sublimitatem</span> <span class='ocrx_word' id='word_1_90' title='bbox 985 1551 1195 1636; x_wconf 74' lang='lat' dir='ltr'>habentibuS,</span> <span class='ocrx_word' id='word_1_91' title='bbox 1225 1551 1269 1617; x_wconf 90' lang='lat' dir='ltr'>ab</span> <span class='ocrx_word' id='word_1_92' title='bbox 1289 1549 1381 1642; x_wconf 52' lang='lat' dir='ltr'>reli*⁴</span> 
     </span>
    </p>

    <p class='ocr_par' dir='ltr' id='par_1_13' title="bbox 257 1653 1482 1846">
     <span class='ocr_line' id='line_1_13' title="bbox 258 1653 1373 1743; baseline 0 -23"><span class='ocrx_word' id='word_1_93' title='bbox 258 1653 332 1741; x_wconf 87' lang='lat' dir='ltr'>quis</span> <span class='ocrx_word' id='word_1_94' title='bbox 364 1653 563 1743; x_wconf 85' lang='lat' dir='ltr'>seiungitur,</span> <span class='ocrx_word' id='word_1_95' title='bbox 601 1662 637 1721; x_wconf 90' lang='lat' dir='ltr'>ut</span> <span class='ocrx_word' id='word_1_96' title='bbox 658 1653 725 1723; x_wconf 91' lang='lat' dir='ltr'>hac</span> <span class='ocrx_word' id='word_1_97' title='bbox 751 1664 881 1723; x_wconf 87' lang='lat' dir='ltr'>remota</span> <span class='ocrx_word' id='word_1_98' title='bbox 911 1654 1134 1724; x_wconf 87' lang='lat' dir='ltr'>sollieitudine</span> <span class='ocrx_word' id='word_1_99' title='bbox 1164 1653 1373 1741; x_wconf 87' lang='lat' dir='ltr'>requiescant</span> 
     </span>
     <span class='ocr_line' id='line_1_14' title="bbox 257 1755 1482 1846; baseline 0 -24"><span class='ocrx_word' id='word_1_100' title='bbox 257 1755 413 1845; x_wconf 88' lang='lat' dir='ltr'>paullum</span> <span class='ocrx_word' id='word_1_101' title='bbox 440 1755 557 1841; x_wconf 91' lang='lat' dir='ltr'>animi,</span> <span class='ocrx_word' id='word_1_102' title='bbox 603 1779 672 1845; x_wconf 92' lang='lat' dir='ltr'>quo</span> <span class='ocrx_word' id='word_1_103' title='bbox 699 1758 822 1826; x_wconf 90' lang='lat' dir='ltr'>deinde</span> <span class='ocrx_word' id='word_1_104' title='bbox 852 1760 1004 1826; x_wconf 86' lang='lat' dir='ltr'>attentius</span> <span class='ocrx_word' id='word_1_105' title='bbox 1035 1758 1164 1846; x_wconf 88' lang='lat' dir='ltr'>reliqua</span> <span class='ocrx_word' id='word_1_106' title='bbox 1194 1756 1371 1845; x_wconf 85' lang='lat' dir='ltr'>accipiant.</span> <span class='ocrx_word' id='word_1_107' title='bbox 1480 1824 1482 1832; x_wconf 69' lang='grc'>,</span> 
     </span>
    </p>

    <p class='ocr_par' dir='ltr' id='par_1_14' title="bbox 167 1856 1373 1951">
     <span class='ocr_line' id='line_1_15' title="bbox 167 1856 1373 1951; baseline 0.002 -27"><span class='ocrx_word' id='word_1_108' title='bbox 167 1891 170 1898; x_wconf 50' lang='grc'>’</span> <span class='ocrx_word' id='word_1_109' title='bbox 257 1856 329 1925; x_wconf 83' lang='lat' dir='ltr'>Sed</span> <span class='ocrx_word' id='word_1_110' title='bbox 351 1858 544 1947; x_wconf 86' lang='lat' dir='ltr'>priusquam</span> <span class='ocrx_word' id='word_1_111' title='bbox 566 1861 733 1948; x_wconf 86' lang='lat' dir='ltr'>praelium</span> <span class='ocrx_word' id='word_1_112' title='bbox 748 1861 972 1946; x_wconf 82' lang='lat' dir='ltr'>describatur,</span> <span class='ocrx_word' id='word_1_113' title='bbox 999 1861 1144 1951; x_wconf 89' lang='lat' dir='ltr'>agitatus</span> <span class='ocrx_word' id='word_1_114' title='bbox 1159 1859 1373 1927; x_wconf 87' lang='lat' dir='ltr'>adhucunn-</span> 
     </span>
    </p>

    <p class='ocr_par' dir='ltr' id='par_1_15' title="bbox 258 1961 1370 2053">
     <span class='ocr_line' id='line_1_16' title="bbox 258 1961 1370 2053; baseline 0 -25"><span class='ocrx_word' id='word_1_115' title='bbox 258 1961 328 2028; x_wconf 88' lang='lat' dir='ltr'>cius</span> <span class='ocrx_word' id='word_1_116' title='bbox 343 1961 566 2050; x_wconf 91' lang='lat' dir='ltr'>plurimorum</span> <span class='ocrx_word' id='word_1_117' title='bbox 587 1962 730 2048; x_wconf 90' lang='lat' dir='ltr'>ducum,</span> <span class='ocrx_word' id='word_1_118' title='bbox 755 1965 815 2052; x_wconf 92' lang='lat' dir='ltr'>qui</span> <span class='ocrx_word' id='word_1_119' title='bbox 830 1965 1009 2053; x_wconf 90' lang='lat' dir='ltr'>perierint,</span> <span class='ocrx_word' id='word_1_120' title='bbox 1035 1965 1172 2030; x_wconf 90' lang='lat' dir='ltr'>nomina</span> <span class='ocrx_word' id='word_1_121' title='bbox 1187 1971 1370 2046; x_wconf 87' lang='lat' dir='ltr'>enumerat,</span> 
     </span>
    </p>

    <p class='ocr_par' dir='ltr' id='par_1_16' title="bbox 256 2064 1480 2259">
     <span class='ocr_line' id='line_1_17' title="bbox 256 2064 1372 2156; baseline 0.002 -26"><span class='ocrx_word' id='word_1_122' title='bbox 256 2071 295 2130; x_wconf 87' lang='lat' dir='ltr'>ut</span> <span class='ocrx_word' id='word_1_123' title='bbox 313 2064 490 2152; x_wconf 86' lang='lat' dir='ltr'>paullatim</span> <span class='ocrx_word' id='word_1_124' title='bbox 509 2088 529 2132; x_wconf 90' lang='lat' dir='ltr'>a</span> <span class='ocrx_word' id='word_1_125' title='bbox 547 2073 639 2132; x_wconf 89' lang='lat' dir='ltr'>tanto</span> <span class='ocrx_word' id='word_1_126' title='bbox 655 2067 842 2134; x_wconf 88' lang='lat' dir='ltr'>animorum</span> <span class='ocrx_word' id='word_1_127' title='bbox 863 2075 958 2134; x_wconf 91' lang='lat' dir='ltr'>motu</span> <span class='ocrx_word' id='word_1_128' title='bbox 973 2067 1018 2134; x_wconf 90' lang='lat' dir='ltr'>ad</span> <span class='ocrx_word' id='word_1_129' title='bbox 1036 2067 1237 2156; x_wconf 87' lang='lat' dir='ltr'>sedatiorem</span> <span class='ocrx_word' id='word_1_130' title='bbox 1252 2065 1372 2155; x_wconf 88' lang='lat' dir='ltr'>praelii</span> 
     </span>
     <span class='ocr_line' id='line_1_18' title="bbox 258 2166 1480 2259; baseline 0.002 -26"><span class='ocrx_word' id='word_1_131' title='bbox 258 2167 500 2258; x_wconf 85' lang='lat' dir='ltr'>expositionem</span> <span class='ocrx_word' id='word_1_132' title='bbox 521 2166 575 2236; x_wconf 78' lang='lat' dir='ltr'>via</span> <span class='ocrx_word' id='word_1_133' title='bbox 598 2179 746 2258; x_wconf 86' lang='lat' dir='ltr'>paretur.</span> <span class='ocrx_word' id='word_1_134' title='bbox 798 2171 957 2258; x_wconf 85' lang='lat' dir='ltr'>Sequitur</span> <span class='ocrx_word' id='word_1_135' title='bbox 978 2170 1103 2238; x_wconf 88' lang='lat' dir='ltr'>deinde</span> <span class='ocrx_word' id='word_1_136' title='bbox 1130 2171 1204 2259; x_wconf 85' lang='lat' dir='ltr'>ipsa</span> <span class='ocrx_word' id='word_1_137' title='bbox 1233 2191 1371 2259; x_wconf 80' lang='lat' dir='ltr'>pugnae</span> <span class='ocrx_word' id='word_1_138' title='bbox 1474 2177 1480 2192; x_wconf 84' lang='lat'>&#39;</span> 
     </span>
    </p>

    <p class='ocr_par' dir='ltr' id='par_1_17' title="bbox 258 2265 1400 2364">
     <span class='ocr_line' id='line_1_19' title="bbox 258 2265 1400 2364; baseline 0.002 -28"><span class='ocrx_word' id='word_1_139' title='bbox 258 2269 303 2336; x_wconf 82' lang='lat' dir='ltr'>ad</span> <span class='ocrx_word' id='word_1_140' title='bbox 328 2271 532 2338; x_wconf 85' lang='lat' dir='ltr'>Salaminem</span> <span class='ocrx_word' id='word_1_141' title='bbox 554 2270 753 2362; x_wconf 86' lang='lat' dir='ltr'>descriptio,</span> <span class='ocrx_word' id='word_1_142' title='bbox 787 2273 930 2361; x_wconf 90' lang='lat' dir='ltr'>quaein</span> <span class='ocrx_word' id='word_1_143' title='bbox 957 2282 1048 2340; x_wconf 87' lang='lat' dir='ltr'>tanta</span> <span class='ocrx_word' id='word_1_144' title='bbox 1069 2273 1279 2364; x_wconf 90' lang='lat' dir='ltr'>simplicitate</span> <span class='ocrx_word' id='word_1_145' title='bbox 1300 2281 1371 2338; x_wconf 90' lang='lat' dir='ltr'>tam</span> <span class='ocrx_word' id='word_1_146' title='bbox 1396 2265 1400 2270; x_wconf 69' lang='grc'><strong>’</strong></span> 
     </span>
    </p>

    <p class='ocr_par' dir='ltr' id='par_1_18' title="bbox 210 2373 1370 2466">
     <span class='ocr_line' id='line_1_20' title="bbox 210 2373 1370 2466; baseline 0.001 -27"><span class='ocrx_word' id='word_1_147' title='bbox 210 2373 441 2464; x_wconf 79' lang='lat' dir='ltr'>12magnifica</span> <span class='ocrx_word' id='word_1_148' title='bbox 461 2382 527 2458; x_wconf 89' lang='lat' dir='ltr'>est,</span> <span class='ocrx_word' id='word_1_149' title='bbox 551 2383 588 2441; x_wconf 91' lang='lat' dir='ltr'>ut</span> <span class='ocrx_word' id='word_1_150' title='bbox 610 2377 795 2460; x_wconf 89' lang='lat' dir='ltr'>nemiuem,</span> <span class='ocrx_word' id='word_1_151' title='bbox 820 2377 879 2465; x_wconf 92' lang='lat' dir='ltr'>qui</span> <span class='ocrx_word' id='word_1_152' title='bbox 899 2377 1013 2466; x_wconf 88' lang='lat' dir='ltr'>aliquo</span> <span class='ocrx_word' id='word_1_153' title='bbox 1033 2378 1161 2445; x_wconf 86' lang='lat' dir='ltr'>venusti</span> <span class='ocrx_word' id='word_1_154' title='bbox 1176 2397 1270 2444; x_wconf 88' lang='lat' dir='ltr'>sensu</span> <span class='ocrx_word' id='word_1_155' title='bbox 1289 2375 1370 2464; x_wconf 91' lang='lat' dir='ltr'>pol-</span> 
     </span>
    </p>

    <p class='ocr_par' dir='ltr' id='par_1_19' title="bbox 254 2475 1370 2568">
     <span class='ocr_line' id='line_1_21' title="bbox 254 2475 1370 2568; baseline 0.003 -27"><span class='ocrx_word' id='word_1_156' title='bbox 254 2475 344 2560; x_wconf 88' lang='lat' dir='ltr'>leat,</span> <span class='ocrx_word' id='word_1_157' title='bbox 369 2499 438 2544; x_wconf 91' lang='lat' dir='ltr'>nou</span> <span class='ocrx_word' id='word_1_158' title='bbox 452 2485 572 2567; x_wconf 85' lang='lat' dir='ltr'>sponte</span> <span class='ocrx_word' id='word_1_159' title='bbox 586 2477 721 2546; x_wconf 74' lang='lat' dir='ltr'>virtutes</span> <span class='ocrx_word' id='word_1_160' title='bbox 738 2479 807 2546; x_wconf 89' lang='lat' dir='ltr'>eius</span> <span class='ocrx_word' id='word_1_161' title='bbox 821 2480 1065 2550; x_wconf 89' lang='lat' dir='ltr'>intellecturum</span> <span class='ocrx_word' id='word_1_162' title='bbox 1078 2488 1204 2568; x_wconf 89' lang='lat' dir='ltr'>putem.</span> <span class='ocrx_word' id='word_1_163' title='bbox 1257 2478 1370 2545; x_wconf 90' lang='lat' dir='ltr'>Vnum</span> 
     </span>
    </p>

    <p class='ocr_par' dir='ltr' id='par_1_20' title="bbox 254 2579 1372 2671">
     <span class='ocr_line' id='line_1_22' title="bbox 254 2579 1372 2671; baseline 0.004 -27"><span class='ocrx_word' id='word_1_164' title='bbox 254 2586 368 2644; x_wconf 83' lang='lat' dir='ltr'>tamen</span> <span class='ocrx_word' id='word_1_165' title='bbox 388 2587 455 2662; x_wconf 90' lang='lat' dir='ltr'>est,</span> <span class='ocrx_word' id='word_1_166' title='bbox 480 2579 575 2667; x_wconf 92' lang='lat' dir='ltr'>quod</span> <span class='ocrx_word' id='word_1_167' title='bbox 596 2602 664 2647; x_wconf 92' lang='lat' dir='ltr'>nou</span> <span class='ocrx_word' id='word_1_168' title='bbox 681 2581 814 2648; x_wconf 86' lang='lat' dir='ltr'>videtur</span> <span class='ocrx_word' id='word_1_169' title='bbox 836 2582 1119 2671; x_wconf 88' lang='lat' dir='ltr'>praetereundum</span> <span class='ocrx_word' id='word_1_170' title='bbox 1142 2603 1220 2646; x_wconf 86' lang='lat' dir='ltr'>esse.</span> <span class='ocrx_word' id='word_1_171' title='bbox 1281 2581 1372 2650; x_wconf 86' lang='lat' dir='ltr'>Nam</span> 
     </span>
    </p>

    <p class='ocr_par' dir='ltr' id='par_1_21' title="bbox 209 2679 1369 2770">
     <span class='ocr_line' id='line_1_23' title="bbox 209 2679 1369 2770; baseline -0.002 -17"><span class='ocrx_word' id='word_1_172' title='bbox 209 2685 212 2753; x_wconf 71' lang='grc'>’.</span> <span class='ocrx_word' id='word_1_173' title='bbox 254 2701 366 2768; x_wconf 89' lang='lat' dir='ltr'>neque</span> <span class='ocrx_word' id='word_1_174' title='bbox 413 2681 489 2765; x_wconf 91' lang='lat' dir='ltr'>hic,</span> <span class='ocrx_word' id='word_1_175' title='bbox 537 2679 648 2770; x_wconf 84' lang='lat' dir='ltr'>neq&#39;ue</span> <span class='ocrx_word' id='word_1_176' title='bbox 699 2705 840 2770; x_wconf 89' lang='lat' dir='ltr'>usquam</span> <span class='ocrx_word' id='word_1_177' title='bbox 897 2684 931 2749; x_wconf 91' lang='lat' dir='ltr'>in</span> <span class='ocrx_word' id='word_1_178' title='bbox 980 2691 1052 2750; x_wconf 91' lang='lat' dir='ltr'>tota</span> <span class='ocrx_word' id='word_1_179' title='bbox 1098 2680 1215 2747; x_wconf 87' lang='lat' dir='ltr'>fabula</span> <span class='ocrx_word' id='word_1_180' title='bbox 1258 2679 1369 2751; x_wconf 89' lang='lat' dir='ltr'>ullum</span> 
     </span>
    </p>

    <p class='ocr_par' dir='ltr' id='par_1_22' title="bbox 256 2781 1371 2876">
     <span class='ocr_line' id='line_1_24' title="bbox 256 2781 1371 2876; baseline 0 -24"><span class='ocrx_word' id='word_1_181' title='bbox 256 2782 381 2852; x_wconf 82' lang='lat' dir='ltr'>Graeci</span> <span class='ocrx_word' id='word_1_182' title='bbox 403 2783 548 2852; x_wconf 88' lang='lat' dir='ltr'>hominis</span> <span class='ocrx_word' id='word_1_183' title='bbox 568 2807 692 2854; x_wconf 88' lang='lat' dir='ltr'>nomeu</span> <span class='ocrx_word' id='word_1_184' title='bbox 712 2787 874 2855; x_wconf 84' lang='lat' dir='ltr'>occurrit:</span> <span class='ocrx_word' id='word_1_185' title='bbox 898 2784 992 2874; x_wconf 93' lang='lat' dir='ltr'>quod</span> <span class='ocrx_word' id='word_1_186' title='bbox 1011 2781 1169 2876; x_wconf 91' lang='lat' dir='ltr'>prudenti</span> <span class='ocrx_word' id='word_1_187' title='bbox 1189 2783 1327 2854; x_wconf 88' lang='lat' dir='ltr'>consilio</span> <span class='ocrx_word' id='word_1_188' title='bbox 1349 2809 1371 2852; x_wconf 89' lang='lat' dir='ltr'>a</span> 
     </span>
    </p>

    <p class='ocr_par' dir='ltr' id='par_1_23' title="bbox 254 2885 1369 2978">
     <span class='ocr_line' id='line_1_25' title="bbox 254 2885 1369 2978; baseline 0.003 -26"><span class='ocrx_word' id='word_1_189' title='bbox 254 2895 358 2978; x_wconf 87' lang='lat' dir='ltr'>poeta</span> <span class='ocrx_word' id='word_1_190' title='bbox 378 2885 591 2974; x_wconf 89' lang='lat' dir='ltr'>factumest,</span> <span class='ocrx_word' id='word_1_191' title='bbox 616 2911 684 2956; x_wconf 90' lang='lat' dir='ltr'>non</span> <span class='ocrx_word' id='word_1_192' title='bbox 706 2889 799 2976; x_wconf 93' lang='lat' dir='ltr'>quod</span> <span class='ocrx_word' id='word_1_193' title='bbox 819 2888 981 2956; x_wconf 90' lang='lat' dir='ltr'>invidiam</span> <span class='ocrx_word' id='word_1_194' title='bbox 996 2896 1169 2972; x_wconf 88' lang='lat' dir='ltr'>metueret,</span> <span class='ocrx_word' id='word_1_195' title='bbox 1194 2887 1257 2955; x_wconf 91' lang='lat' dir='ltr'>sed</span> <span class='ocrx_word' id='word_1_196' title='bbox 1274 2886 1369 2977; x_wconf 90' lang='lat' dir='ltr'>quod</span> 
     </span>
    </p>

    <p class='ocr_par' dir='ltr' id='par_1_24' title="bbox 253 2989 1370 3081">
     <span class='ocr_line' id='line_1_26' title="bbox 253 2989 1370 3081; baseline 0.004 -26"><span class='ocrx_word' id='word_1_197' title='bbox 253 2989 484 3081; x_wconf 82' lang='lat' dir='ltr'>intelligebat,</span> <span class='ocrx_word' id='word_1_198' title='bbox 509 2991 811 3060; x_wconf 87' lang='lat' dir='ltr'>commemorandis</span> <span class='ocrx_word' id='word_1_199' title='bbox 825 2991 884 3076; x_wconf 76' lang='lat' dir='ltr'>iis,</span> <span class='ocrx_word' id='word_1_200' title='bbox 909 2991 968 3079; x_wconf 91' lang='lat' dir='ltr'>qui</span> <span class='ocrx_word' id='word_1_201' title='bbox 988 2990 1183 3079; x_wconf 88' lang='lat' dir='ltr'>quotidiano</span> <span class='ocrx_word' id='word_1_202' title='bbox 1206 2991 1370 3081; x_wconf 90' lang='lat' dir='ltr'>adspectu</span> 
     </span>
    </p>

    <p class='ocr_par' dir='ltr' id='par_1_25' title="bbox 254 3093 1369 3186">
     <span class='ocr_line' id='line_1_27' title="bbox 254 3093 1369 3186; baseline 0.002 -26"><span class='ocrx_word' id='word_1_203' title='bbox 254 3093 326 3160; x_wconf 90' lang='lat' dir='ltr'>noti</span> <span class='ocrx_word' id='word_1_204' title='bbox 348 3095 500 3162; x_wconf 88' lang='lat' dir='ltr'>omuibus</span> <span class='ocrx_word' id='word_1_205' title='bbox 519 3103 642 3180; x_wconf 89' lang='lat' dir='ltr'>essent,</span> <span class='ocrx_word' id='word_1_206' title='bbox 684 3094 884 3186; x_wconf 88' lang='lat' dir='ltr'>tragoediae</span> <span class='ocrx_word' id='word_1_207' title='bbox 908 3094 1142 3162; x_wconf 89' lang='lat' dir='ltr'>sublimitatem</span> <span class='ocrx_word' id='word_1_208' title='bbox 1162 3094 1206 3160; x_wconf 91' lang='lat' dir='ltr'>ad</span> <span class='ocrx_word' id='word_1_209' title='bbox 1229 3093 1369 3162; x_wconf 90' lang='lat' dir='ltr'>humili-</span> 
     </span>
    </p>

    <p class='ocr_par' dir='ltr' id='par_1_26' title="bbox 252 3193 1367 3289">
     <span class='ocr_line' id='line_1_28' title="bbox 252 3193 1367 3289; baseline 0.002 -27"><span class='ocrx_word' id='word_1_210' title='bbox 252 3203 357 3263; x_wconf 86' lang='lat' dir='ltr'>tatem</span> <span class='ocrx_word' id='word_1_211' title='bbox 378 3198 561 3266; x_wconf 91' lang='lat' dir='ltr'>communis</span> <span class='ocrx_word' id='word_1_212' title='bbox 579 3199 668 3267; x_wconf 88' lang='lat' dir='ltr'>vitae</span> <span class='ocrx_word' id='word_1_213' title='bbox 688 3199 842 3289; x_wconf 90' lang='lat' dir='ltr'>deprimi.</span> <span class='ocrx_word' id='word_1_214' title='bbox 865 3227 867 3234; x_wconf 60' lang='grc'>’</span> <span class='ocrx_word' id='word_1_215' title='bbox 893 3198 1011 3288; x_wconf 90' lang='lat' dir='ltr'>Itaque</span> <span class='ocrx_word' id='word_1_216' title='bbox 1032 3193 1161 3267; x_wconf 88' lang='lat' dir='ltr'>tautum</span> <span class='ocrx_word' id='word_1_217' title='bbox 1174 3198 1285 3282; x_wconf 88' lang='lat' dir='ltr'>abest,</span> <span class='ocrx_word' id='word_1_218' title='bbox 1317 3205 1367 3280; x_wconf 92' lang='lat' dir='ltr'>ut,</span> 
     </span>
    </p>

    <p class='ocr_par' dir='ltr' id='par_1_27' title="bbox 210 3297 1367 3392">
     <span class='ocr_line' id='line_1_29' title="bbox 210 3297 1367 3392; baseline 0.002 -27"><span class='ocrx_word' id='word_1_219' title='bbox 210 3299 211 3304; x_wconf 72' lang='grc'>’</span> <span class='ocrx_word' id='word_1_220' title='bbox 253 3297 349 3388; x_wconf 89' lang='lat' dir='ltr'>quod</span> <span class='ocrx_word' id='word_1_221' title='bbox 372 3301 443 3368; x_wconf 84' lang='lat' dir='ltr'>viro</span> <span class='ocrx_word' id='word_1_222' title='bbox 463 3303 762 3392; x_wconf 86' lang='lat' dir='ltr'>praestantissimo,</span> <span class='ocrx_word' id='word_1_223' title='bbox 794 3303 887 3370; x_wconf 89' lang='lat' dir='ltr'>cuius</span> <span class='ocrx_word' id='word_1_224' title='bbox 907 3303 1039 3392; x_wconf 87' lang='lat' dir='ltr'>saepius</span> <span class='ocrx_word' id='word_1_225' title='bbox 1062 3302 1266 3370; x_wconf 90' lang='lat' dir='ltr'>mentionem</span> <span class='ocrx_word' id='word_1_226' title='bbox 1287 3298 1367 3384; x_wconf 84' lang='lat' dir='ltr'>feci,</span> 
     </span>
    </p>

    <p class='ocr_par' dir='ltr' id='par_1_28' title="bbox 252 3401 1366 3494">
     <span class='ocr_line' id='line_1_30' title="bbox 252 3401 1366 3494; baseline 0.002 -26"><span class='ocrx_word' id='word_1_227' title='bbox 252 3402 383 3494; x_wconf 89' lang='lat' dir='ltr'>placet,</span> <span class='ocrx_word' id='word_1_228' title='bbox 410 3403 445 3470; x_wconf 90' lang='lat' dir='ltr'>in</span> <span class='ocrx_word' id='word_1_229' title='bbox 457 3404 518 3472; x_wconf 92' lang='lat' dir='ltr'>illo</span> <span class='ocrx_word' id='word_1_230' title='bbox 531 3404 628 3488; x_wconf 90' lang='lat' dir='ltr'>loco,</span> <span class='ocrx_word' id='word_1_231' title='bbox 654 3406 713 3471; x_wconf 89' lang='lat' dir='ltr'>ubi</span> <span class='ocrx_word' id='word_1_232' title='bbox 730 3404 774 3471; x_wconf 91' lang='lat' dir='ltr'>de</span> <span class='ocrx_word' id='word_1_233' title='bbox 789 3405 923 3473; x_wconf 87' lang='lat' dir='ltr'>Amiuia</span> <span class='ocrx_word' id='word_1_234' title='bbox 938 3424 1048 3472; x_wconf 87' lang='lat' dir='ltr'>sermo</span> <span class='ocrx_word' id='word_1_235' title='bbox 1067 3412 1133 3488; x_wconf 89' lang='lat' dir='ltr'>est,</span> <span class='ocrx_word' id='word_1_236' title='bbox 1164 3402 1222 3490; x_wconf 90' lang='lat' dir='ltr'>qui</span> <span class='ocrx_word' id='word_1_237' title='bbox 1236 3401 1366 3492; x_wconf 89' lang='lat' dir='ltr'>primus</span> 
     </span>
    </p>

    <p class='ocr_par' dir='ltr' id='par_1_29' title="bbox 251 3495 1370 3596">
     <span class='ocr_line' id='line_1_31' title="bbox 251 3495 1370 3596; baseline -0.003 -22"><span class='ocrx_word' id='word_1_238' title='bbox 251 3505 287 3574; x_wconf 92' lang='lat' dir='ltr'>iu</span> <span class='ocrx_word' id='word_1_239' title='bbox 307 3506 446 3576; x_wconf 87' lang='lat' dir='ltr'>classem</span> <span class='ocrx_word' id='word_1_240' title='bbox 469 3495 646 3576; x_wconf 80' lang='lat' dir='ltr'>Persarum</span> <span class='ocrx_word' id='word_1_241' title='bbox 663 3506 828 3596; x_wconf 90' lang='lat' dir='ltr'>impetum</span> <span class='ocrx_word' id='word_1_242' title='bbox 847 3507 997 3590; x_wconf 90' lang='lat' dir='ltr'>dederit,</span> <span class='ocrx_word' id='word_1_243' title='bbox 1030 3515 1168 3595; x_wconf 85' lang='lat' dir='ltr'>poetam</span> <span class='ocrx_word' id='word_1_244' title='bbox 1191 3506 1238 3573; x_wconf 95' lang='lat' dir='ltr'>ob</span> <span class='ocrx_word' id='word_1_245' title='bbox 1265 3499 1370 3572; x_wconf 89' lang='lat' dir='ltr'>animi</span> 
     </span>
    </p>

    <p class='ocr_par' dir='ltr' id='par_1_30' title="bbox 251 3607 1366 3702">
     <span class='ocr_line' id='line_1_32' title="bbox 251 3607 1366 3702; baseline -0.002 -26"><span class='ocrx_word' id='word_1_246' title='bbox 251 3610 516 3702; x_wconf 83' lang='lat' dir='ltr'>magnitudinem</span> <span class='ocrx_word' id='word_1_247' title='bbox 536 3610 691 3696; x_wconf 89' lang='lat' dir='ltr'>laudem,</span> <span class='ocrx_word' id='word_1_248' title='bbox 716 3612 775 3699; x_wconf 92' lang='lat' dir='ltr'>qui</span> <span class='ocrx_word' id='word_1_249' title='bbox 795 3632 918 3678; x_wconf 91' lang='lat' dir='ltr'>nomen</span> <span class='ocrx_word' id='word_1_250' title='bbox 935 3610 1023 3676; x_wconf 92' lang='lat' dir='ltr'>illius</span> <span class='ocrx_word' id='word_1_251' title='bbox 1045 3608 1209 3694; x_wconf 89' lang='lat' dir='ltr'>hominis,</span> <span class='ocrx_word' id='word_1_252' title='bbox 1235 3607 1261 3676; x_wconf 88' lang='lat' dir='ltr'>si</span> <span class='ocrx_word' id='word_1_253' title='bbox 1287 3608 1366 3697; x_wconf 62' lang='lat' dir='ltr'>qui-³</span> 
     </span>
    </p>

    <p class='ocr_par' dir='ltr' id='par_1_31' title="bbox 251 3711 1365 3804">
     <span class='ocr_line' id='line_1_33' title="bbox 251 3711 1365 3804; baseline 0 -25"><span class='ocrx_word' id='word_1_254' title='bbox 251 3711 332 3780; x_wconf 90' lang='lat' dir='ltr'>dem</span> <span class='ocrx_word' id='word_1_255' title='bbox 348 3714 407 3780; x_wconf 90' lang='lat' dir='ltr'>ille</span> <span class='ocrx_word' id='word_1_256' title='bbox 427 3712 530 3781; x_wconf 82' lang='lat' dir='ltr'>frater</span> <span class='ocrx_word' id='word_1_257' title='bbox 551 3711 654 3804; x_wconf 88' lang='lat' dir='ltr'>ipsius</span> <span class='ocrx_word' id='word_1_258' title='bbox 677 3714 796 3799; x_wconf 85' lang='lat' dir='ltr'>fuerit,</span> <span class='ocrx_word' id='word_1_259' title='bbox 821 3714 1001 3784; x_wconf 89' lang='lat' dir='ltr'>tacendum</span> <span class='ocrx_word' id='word_1_260' title='bbox 1023 3714 1164 3804; x_wconf 88' lang='lat' dir='ltr'>putarit,</span> <span class='ocrx_word' id='word_1_261' title='bbox 1191 3721 1228 3779; x_wconf 90' lang='lat' dir='ltr'>ut</span> <span class='ocrx_word' id='word_1_262' title='bbox 1246 3712 1365 3802; x_wconf 87' lang='lat' dir='ltr'>magis,</span> 
     </span>
    </p>

    <p class='ocr_par' dir='ltr' id='par_1_32' title="bbox 160 3809 1364 3906">
     <span class='ocr_line' id='line_1_34' title="bbox 160 3809 1364 3906; baseline 0.001 -26"><span class='ocrx_word' id='word_1_263' title='bbox 160 3809 166 3822; x_wconf 88' lang='lat'><em>&#39;</em></span> <span class='ocrx_word' id='word_1_264' title='bbox 251 3815 279 3881; x_wconf 87' lang='lat' dir='ltr'>si</span> <span class='ocrx_word' id='word_1_265' title='bbox 300 3838 377 3884; x_wconf 92' lang='lat' dir='ltr'>eum</span> <span class='ocrx_word' id='word_1_266' title='bbox 396 3817 591 3885; x_wconf 89' lang='lat' dir='ltr'>nominatim</span> <span class='ocrx_word' id='word_1_267' title='bbox 613 3827 923 3902; x_wconf 88' lang='lat' dir='ltr'>commemorasset,</span> <span class='ocrx_word' id='word_1_268' title='bbox 955 3815 992 3884; x_wconf 91' lang='lat' dir='ltr'>id</span> <span class='ocrx_word' id='word_1_269' title='bbox 1013 3816 1115 3884; x_wconf 87' lang='lat' dir='ltr'>valde</span> <span class='ocrx_word' id='word_1_270' title='bbox 1140 3811 1364 3906; x_wconf 85' lang='lat' dir='ltr'>reprehensu-</span> 
     </span>
    </p>

    <p class='ocr_par' dir='ltr' id='par_1_33' title="bbox 250 3917 1365 4008">
     <span class='ocr_line' id='line_1_35' title="bbox 250 3917 1365 4008; baseline 0 -24"><span class='ocrx_word' id='word_1_271' title='bbox 250 3938 306 3984; x_wconf 88' lang='lat' dir='ltr'>rus</span> <span class='ocrx_word' id='word_1_272' title='bbox 320 3940 433 3987; x_wconf 89' lang='lat' dir='ltr'>essem.</span> <span class='ocrx_word' id='word_1_273' title='bbox 486 3920 576 4003; x_wconf 79' lang='lat' dir='ltr'>Quin</span> <span class='ocrx_word' id='word_1_274' title='bbox 589 3917 660 3988; x_wconf 93' lang='lat' dir='ltr'>hoc</span> <span class='ocrx_word' id='word_1_275' title='bbox 675 3919 832 4007; x_wconf 86' lang='lat' dir='ltr'>quidem,</span> <span class='ocrx_word' id='word_1_276' title='bbox 859 3920 959 3986; x_wconf 90' lang='lat' dir='ltr'>etiam</span> <span class='ocrx_word' id='word_1_277' title='bbox 976 3919 1004 3984; x_wconf 97' lang='lat' dir='ltr'>si</span> <span class='ocrx_word' id='word_1_278' title='bbox 1020 3920 1063 3985; x_wconf 90' lang='lat' dir='ltr'>ab</span> <span class='ocrx_word' id='word_1_279' title='bbox 1079 3939 1138 4001; x_wconf 90' lang='lat' dir='ltr'>eo,</span> <span class='ocrx_word' id='word_1_280' title='bbox 1165 3917 1259 4005; x_wconf 92' lang='lat' dir='ltr'>quod</span> <span class='ocrx_word' id='word_1_281' title='bbox 1276 3939 1365 4008; x_wconf 86' lang='lat' dir='ltr'>poe-</span> 
     </span>
    </p>

    <p class='ocr_par' dir='ltr' id='par_1_34' title="bbox 212 4019 1365 4110">
     <span class='ocr_line' id='line_1_36' title="bbox 212 4019 1365 4110; baseline 0.002 -24"><span class='ocrx_word' id='word_1_282' title='bbox 212 4023 215 4028; x_wconf 83' lang='lat'>&#39;</span> <span class='ocrx_word' id='word_1_283' title='bbox 251 4019 293 4087; x_wconf 89' lang='lat' dir='ltr'>sis</span> <span class='ocrx_word' id='word_1_284' title='bbox 318 4023 530 4110; x_wconf 89' lang='lat' dir='ltr'>postulabat,</span> <span class='ocrx_word' id='word_1_285' title='bbox 568 4022 773 4106; x_wconf 89' lang='lat' dir='ltr'>discesseris,</span> <span class='ocrx_word' id='word_1_286' title='bbox 814 4022 869 4089; x_wconf 86' lang='lat' dir='ltr'>vel</span> <span class='ocrx_word' id='word_1_287' title='bbox 894 4019 1037 4100; x_wconf 81' lang='lat' dir='ltr'>invidiae</span> <span class='ocrx_word' id='word_1_288' title='bbox 1062 4020 1220 4088; x_wconf 85' lang='lat' dir='ltr'>vitandae</span> <span class='ocrx_word' id='word_1_289' title='bbox 1249 4042 1365 4091; x_wconf 85' lang='lat' dir='ltr'>caussa</span> 
     </span>
    </p>

    <p class='ocr_par' dir='ltr' id='par_1_35' title="bbox 249 4121 1364 4216">
     <span class='ocr_line' id='line_1_37' title="bbox 249 4121 1364 4216; baseline 0.002 -26"><span class='ocrx_word' id='word_1_290' title='bbox 249 4121 363 4191; x_wconf 85' lang='lat' dir='ltr'>facere</span> <span class='ocrx_word' id='word_1_291' title='bbox 382 4147 451 4192; x_wconf 90' lang='lat' dir='ltr'>non</span> <span class='ocrx_word' id='word_1_292' title='bbox 470 4127 639 4216; x_wconf 87' lang='lat' dir='ltr'>potuisset.</span> <span class='ocrx_word' id='word_1_293' title='bbox 691 4125 905 4214; x_wconf 82' lang='lat' dir='ltr'>Quamquam</span> <span class='ocrx_word' id='word_1_294' title='bbox 918 4123 1057 4190; x_wconf 88' lang='lat' dir='ltr'>idoneas</span> <span class='ocrx_word' id='word_1_295' title='bbox 1074 4123 1218 4192; x_wconf 87' lang='lat' dir='ltr'>rationes</span> <span class='ocrx_word' id='word_1_296' title='bbox 1236 4123 1364 4209; x_wconf 86' lang='lat' dir='ltr'>habeo,</span> 
     </span>
    </p>

    <p class='ocr_par' dir='ltr' id='par_1_36' title="bbox 250 4227 1365 4318">
     <span class='ocr_line' id='line_1_38' title="bbox 250 4227 1365 4318; baseline -0.001 -24"><span class='ocrx_word' id='word_1_297' title='bbox 250 4247 354 4316; x_wconf 85' lang='lat' dir='ltr'>quare</span> <span class='ocrx_word' id='word_1_298' title='bbox 382 4249 492 4318; x_wconf 89' lang='lat' dir='ltr'>neque</span> <span class='ocrx_word' id='word_1_299' title='bbox 518 4229 614 4298; x_wconf 91' lang='lat' dir='ltr'>illmn</span> <span class='ocrx_word' id='word_1_300' title='bbox 642 4230 831 4314; x_wconf 87' lang='lat' dir='ltr'>Aminiam,</span> <span class='ocrx_word' id='word_1_301' title='bbox 868 4249 980 4318; x_wconf 88' lang='lat' dir='ltr'>neque</span> <span class='ocrx_word' id='word_1_302' title='bbox 1005 4227 1107 4294; x_wconf 90' lang='lat' dir='ltr'>alium</span> <span class='ocrx_word' id='word_1_303' title='bbox 1134 4227 1198 4294; x_wconf 89' lang='lat' dir='ltr'>isto</span> <span class='ocrx_word' id='word_1_304' title='bbox 1228 4229 1365 4300; x_wconf 87' lang='lat' dir='ltr'>nomine</span> 
     </span>
    </p>

    <p class='ocr_par' dir='ltr' id='par_1_37' title="bbox 250 4328 1365 4425">
     <span class='ocr_line' id='line_1_39' title="bbox 250 4328 1365 4425; baseline 0 -25"><span class='ocrx_word' id='word_1_305' title='bbox 250 4328 412 4422; x_wconf 80' lang='lat' dir='ltr'>Aeschyli</span> <span class='ocrx_word' id='word_1_306' title='bbox 447 4331 585 4401; x_wconf 76' lang='lat' dir='ltr'>fiunem</span> <span class='ocrx_word' id='word_1_307' title='bbox 622 4333 723 4402; x_wconf 89' lang='lat' dir='ltr'>fuisse</span> <span class='ocrx_word' id='word_1_308' title='bbox 746 4341 874 4425; x_wconf 86' lang='lat' dir='ltr'>putem.</span> <span class='ocrx_word' id='word_1_309' title='bbox 926 4329 998 4402; x_wconf 87' lang='lat' dir='ltr'>Sed</span> <span class='ocrx_word' id='word_1_310' title='bbox 1029 4351 1222 4423; x_wconf 83' lang='lat' dir='ltr'>pergamus.</span> <span class='ocrx_word' id='word_1_311' title='bbox 1275 4331 1365 4400; x_wconf 87' lang='lat' dir='ltr'>Nam</span> 
     </span>
    </p>
   </div>
   <div class='ocr_carea' id='block_1_3' title="bbox 0 0 1544 5026">
    <p class='ocr_par' dir='ltr' id='par_1_38' title="bbox 0 0 1544 5026">
     <span class='ocr_line' id='line_1_40' title="bbox 0 0 1544 5026; baseline 0 3"><span class='ocrx_word' id='word_1_312' title='bbox 0 0 1544 5026; x_wconf 95' lang='lat' dir='ltr'> </span> 
     </span>
    </p>
   </div>
  </div>
 </body>
</html>
