3080 5054
284 309 350 374 aro
426 301 635 374 ,cernuo
663 301 712 366 m
739 277 1230 366 rmnnmor'rvovsm

273 479 460 554 ‚dotatione
473 477 554 548 linx
572 485 685 546 noster
705 483 739 546 et
760 475 850 548 cirea
868 483 1010 546 sacraet
1023 479 1059 546 in
1078 475 1249 548 ordinibus
1269 477 1314 546 ad
1336 501 1402 548 no-

286 583 378 652 milia
395 582 620 653 convocandis
634 604 711 650 usus
730 589 804 656 esto
823 601 994 670 quumque
1010 603 1124 652 everso
1138 603 1179 650 oc
1193 581 1309 650 deleto
1325 583 1401 672 pri-

286 686 372 756 stino
390 686 523 778 imperii
536 683 730 758 Germanici
743 692 868 754 statue
889 685 1114 774 quorumdam
1132 685 1290 774 opinione
1314 686 1401 753 nihil

235 795 240 808 “
287 791 450 875 obstaret,
484 791 581 878 quin,
608 789 634 856 ri
654 789 771 871 vellet,
802 796 836 858 et
860 789 1074 858 comitiorum
1097 809 1227 858 morem
1248 789 1399 880 abroga-

285 902 355 976 ret,
380 902 414 964 et
427 893 685 964 Protentantium
704 899 806 980 atque
818 890 1076 962 catholicorum
1099 891 1173 960 iura
1186 891 1398 981 rationesque

275 995 523 1081 *confunderem
548 995 634 1068 nihil
653 995 794 1076 istorum
805 994 904 1080 fecit,
930 995 1008 1079 sed,
1033 1004 1070 1064 nt
1093 995 1143 1064 fas
1164 1003 1253 1080 erat,
1280 1004 1316 1064 et
1335 1016 1397 1064 co-

189 1116 192 1125 ·
283 1099 453 1170 mitiorum
468 1101 519 1170 ius
535 1101 661 1168 salvum
675 1098 831 1183 servavit,
857 1087 936 1169 cum
955 1098 1068 1167 liberis
1084 1098 1211 1167 civibus
1230 1098 1273 1168 de
1290 1121 1396 1190 repu-

283 1203 378 1274 blica
389 1204 594 1292 consultare,
619 1225 722 1291 qnam
735 1199 902 1293 imperare
917 1201 1016 1272 servis
1031 1201 1177 1287 molens,
1208 1224 1321 1292 neque
1343 1226 1397 1272 sa-

285 1327 419 1377 crorum
432 1306 612 1398 religiones
629 1316 662 1374 et
674 1327 743 1394 quo
752 1306 878 1394 quique
891 1305 996 1374 modo
1011 1306 1113 1374 deum
1122 1304 1306 1374 colendum
1320 1328 1396 1376 cre-

284 1407 420 1496 derent,
447 1411 589 1501 abnego
607 1408 792 1478 curandum
812 1431 901 1493 esse,
927 1409 988 1478 sed
1007 1409 1078 1479 hoc
1100 1409 1190 1500 regis
1213 1431 1285 1476 esse
1306 1408 1395 1478 iudi-

285 1513 389 1597 cavit,
415 1514 505 1596 iura,
532 1536 619 1602 quae
632 1513 757 1602 quique
773 1512 953 1598 haberent,
978 1521 1016 1580 ut
1037 1521 1149 1582 sanctu
1165 1521 1267 1600 atque
1279 1511 1394 1582 illaesa

150 1699 153 1706 ¹
281 1624 417 1700 starent,
431 1616 578 1685 efficere.
609 1617 660 1684 lta
672 1617 753 1684 nex
767 1625 891 1700 noster,
900 1617 1090 1685 libertatem
1102 1615 1393 1707 civibnsnegotiis-

283 1740 352 1806 qne
361 1740 479 1789 eornm
488 1719 857 1804 summamconcedens,
872 1718 954 1790 dum
967 1741 1035 1786 non
1047 1719 1128 1788 fecit
1140 1718 1186 1802 id,
1196 1718 1393 1806 quodface-

283 1843 322 1896 re
333 1844 452 1913 regem
464 1843 532 1890 non
548 1824 714 1904 convenit,
728 1821 824 1904 illud,
848 1823 942 1910 quod
955 1830 1004 1890 est
1016 1823 1106 1911 regis
1123 1821 1284 1905 officium,
1301 1821 1393 1890 fecit.

277 1983 280 1990 .
386 1926 499 2012 Atque
512 1925 633 1994 eahae
649 1925 722 2015 ipsa
735 1948 775 1994 re
787 1925 888 1996 etiam
905 1923 992 1996 illud
1008 1927 1169 2014 consequi
1182 1923 1335 2009 vidimus,
1359 1931 1395 1991 ut

282 2049 327 2096 eo
342 2027 468 2113 modo,
494 2049 563 2116 quo
577 2029 727 2110 deceret,
751 2027 879 2096 laceret
901 2028 1052 2102 officium
1072 2051 1179 2098 snum.
1231 2029 1291 2099 Est
1308 2028 1395 2096 enim

283 2130 453 2220 quaedam
475 2134 570 2221 quasi
594 2130 744 2202 iuvenilis
771 2131 937 2222 regnandi
956 2133 1060 2217 ratio,
1087 2154 1128 2198 ex
1156 2131 1318 2206 laudabili
1340 2131 1394 2198 illa

283 2235 426 2304 fortasse
438 2236 610 2304 voluntate
626 2243 720 2322 orta,
755 2234 815 2304 sed
834 2234 1021 2311 inconsulta
1042 2243 1075 2302 et
1094 2258 1215 2326 parum
1236 2233 1394 2324 prudens,

274 2360 389 2428 square,
420 2338 505 2410 nihil
530 2361 643 2409 rerum
663 2337 888 2408 humanarum
912 2339 955 2410 ab
977 2339 1068 2407 omni
1087 2348 1185 2428 parte
1207 2338 1395 2430 perfectum

284 2464 355 2509 esse
379 2441 514 2527 videns,
549 2442 632 2510 dum
656 2441 785 2530 omnia,
826 2465 913 2530 quae
945 2441 1065 2510 uitiosa
1091 2441 1266 2526 ridentur,
1298 2441 1395 2508 simul

288 2544 468 2614 emendare
496 2546 608 2635 cupit,
638 2567 774 2635 semper
798 2544 893 2614 novis
912 2546 1012 2618 rebus
1034 2545 1163 2630 studet,
1186 2547 1284 2637 leges
1307 2543 1396 2634 legi-

237 2648 367 2734 18bus,
390 2648 536 2728 instituta
554 2649 710 2716 ,institutis
731 2648 922 2737 cumulans,
945 2657 1075 2730 tentans
1099 2649 1228 2735 omnia,
1254 2655 1396 2717 tentata·

283 2772 350 2838 qne
372 2774 505 2820 rursum
528 2753 734 2840 relinquens,
775 2759 811 2818 et
835 2776 923 2841 qnae
953 2753 1059 2821 modo
1088 2753 1265 2822 constituta
1294 2757 1395 2834 erant,

275 2852 480 2922 ,idemtidem
502 2865 632 2924 mubns
650 2875 691 2922 ac
712 2854 899 2944 refingens:
932 2853 1023 2922 unde
1052 2855 1132 2940 quid
1157 2854 1252 2923 aliud
1271 2861 1394 2945 potest,

281 2975 385 3048 quam
411 2956 631 3029 inconstantia
653 2954 838 3044 quaedam,
878 2977 920 3024 ac
948 2953 1094 3042 denique
1124 2956 1242 3045 ingens
1280 2978 1395 3024 rernm

282 3061 431 3129 omnium
457 3061 610 3130 confinio
636 3082 676 3128 ac
688 3057 900 3149 perturbatio
913 3045 1027 3141 nasci,
1052 3080 1141 3145 quae
1165 3065 1262 3132 tanto
1288 3059 1395 3127 maior

276 3171 331 3232 est
346 3186 387 3233 ac
400 3165 636 3254 perniciosior,
663 3185 775 3252 quum
795 3183 865 3250 non
883 3162 956 3254 ipse
979 3160 1156 3252 peinceps,
1183 3161 1394 3251 sednornine

278 3267 353 3335 ,eius
380 3268 481 3336 aliam
496 3267 634 3336 ciuitatis
651 3275 785 3356 partem
809 3267 883 3351 alii,
909 3287 971 3335 suo
990 3265 1132 3354 quisque
1157 3265 1337 3348 arbitratu,
1363 3271 1395 3332 et

281 3371 366 3446 inter
388 3394 424 3438 se
446 3369 640 3438 dissidentes
659 3392 699 3438 ac
720 3370 944 3460 repugnantia
963 3369 1132 3453 iubentes,
1157 3368 1394 3440 adnunistranl.

281 3474 361 3540 Non
375 3473 471 3544 istam
488 3494 548 3540 nos
561 3484 674 3541 nostro
689 3472 724 3540 in
735 3471 856 3556 ,Rus-m
882 3475 989 3557 einen,
1015 3473 1184 3545 levitatem
1200 3470 1393 3561 deprehen-

283 3575 411 3645 dimus:
436 3577 581 3665 quinon
599 3579 728 3659 solum,
755 3576 849 3665 qnod
874 3577 954 3669 Ipse
977 3578 1105 3647 cunctis
1126 3576 1227 3646 rebus
1246 3583 1392 3664 praeest,

153 3744 155 3752 ,
283 3679 731 3772 declinavitrepugnantiam
745 3679 838 3748 illam
853 3679 1078 3764 decretorum,
1093 3679 1153 3750 sed
1168 3679 1280 3762 etiam,
1300 3675 1393 3767 quod
1514 3737 1515 3752 ι

274 3781 330 3849 -Se
343 3783 567 3853 cautissimum
581 3785 615 3850 in
631 3783 788 3852 novando
804 3785 927 3876 gessit,
953 3784 1067 3856 omnia
1079 3783 1139 3850 illa
1152 3790 1186 3850 et
1204 3783 1392 3854 incommo-

275 3882 328 3960 ,da
353 3895 386 3952 et
401 3885 524 3964 damna
538 3889 688 3970 evitavit,
715 3909 802 3974 quae
819 3909 896 3955 cum
910 3887 972 3954 ista
985 3887 1133 3956 novandi
1148 3884 1288 3957 libidine
1309 3907 1392 3956 con·
1514 3871 1515 3884 ¹

153 4036 155 4040 .
281 3984 394 4054 iuncta
408 3998 492 4056 sunt.
543 3992 656 4078 Atque
675 3989 742 4058 hac
760 4011 897 4078 quoque
919 3989 954 4058 in'
975 3991 1099 4062 reriure
1123 3987 1328 4062 admiramur
1350 3987 1392 4054 si-

235 4141 238 4148 .
282 4088 403 4172 molet
425 4093 621 4180 sapientiam
634 4094 734 4178 Eius,
761 4102 794 4161 et
807 4093 909 4180 animi
922 4093 1206 4183 magnitudinem,
1232 4093 1292 4180 qui
1314 4090 1393 4159 dum

275 4189 368 4259 illud
391 4191 560 4280 efficeret,
587 4197 681 4284 quod
696 4200 824 4267 bonum
838 4205 940 4286 atque
955 4197 1039 4266 utile
1050 4194 1274 4288 cognovisset
1298 4216 1391 4282 spre-

228 4351 230 4354 ,
282 4294 330 4362 vit
350 4293 485 4364 inanem
508 4298 674 4388 gloriam,
707 4323 812 4389 quam
832 4301 929 4372 novis
950 4301 1051 4370 rebus
1075 4299 1236 4372 laeillbne
1269 4297 1392 4370 licebat
1514 4335 1515 4348 ι
