3058 5046
551 291 885 397 nrssunururo.
1208 342 1273 406 ιιι
1308 309 1329 388 f

155 503 354 595 Aspncida:
403 503 528 600 ιιιιρα
556 506 644 576 anim
677 506 886 598 mmmm
918 504 1057 604 ιχιρι,
1098 493 1305 603 narraras

157 606 266 680 ἄδικα
289 606 564 698 interpretantur,
598 609 689 678 dicta
712 635 733 678 a
757 611 863 678 verbo
891 611 1015 684 ditatu.
1072 612 1215 700 ltaque
1212 612 1275 682 hic

107 717 113 726 '
155 717 205 777 est
231 709 369 778 fabulae
391 733 519 799 sensus·
558 712 707 780 exsulem
731 715 808 780 navi
821 713 956 781 missum
977 712 1023 782 ad
1042 714 1175 800 locum,
1211 717 1272 784 ubi

155 812 323 880 devolutis
352 789 494 880 flammis
527 815 775 902 absumeretur,
821 807 958 907 praeter
991 818 1272 910 exspectationem

114 965 117 970 -
154 916 283 983 salvum
303 917 469 984 mansisse.

258 1015 438 1137 Chimaera
461 1091 503 1138 ex
534 1003 666 1140 Orlhro
692 1073 828 1164 peperit
860 1069 996 1160 Φῖκα,
1015 1072 1084 1140 sive
1111 1065 1276 1164 Σφίγγα,

153 1171 341 1261 Anginam.
376 1170 471 1262 quod
487 1182 553 1258 est,
580 1183 672 1242 aestu
697 1185 730 1243 et
751 1176 846 1244 lumo
866 1173 1049 1244 suffocatos
1065 1195 1135 1242 esse
1157 1171 1270 1257 honri-

154 1297 232 1354 nes;
257 1273 382 1343 deinde
404 1275 539 1346 leonem
565 1280 783 1372 Νεμειαῐον,
824 1279 1040 1363 Pabulinum,
1078 1297 1147 1366 quo
1167 1275 1271 1366 pestis
1308 1311 1319 1337 ι

154 1376 377 1468 significatur,
403 1401 444 1446 ex
460 1372 558 1446 malis
573 1375 683 1448 terrae
702 1392 834 1448 motum
850 1383 997 1471 sequutis
1010 1389 1097 1448 nata.
1148 1380 1270 1447 Postea

155 1480 200 1548 ad
213 1481 246 1550 N
248 1503 379 1552 emeam
394 1503 448 1550 res
465 1481 572 1550 omnis
588 1493 622 1551 et
634 1484 777 1553 Tretum
791 1493 893 1574 atque
908 1486 1113 1576 Apesantem
1125 1479 1270 1548 transla-
1316 1565 1321 1576 .

151 1591 206 1667 ta,
239 1606 320 1652 vero
344 1583 483 1668 fortasse
511 1586 611 1654 leone
635 1611 748 1676 ansam
764 1589 973 1679 praebente,
1018 1586 1110 1656 cuius
1138 1593 1270 1652 ιιιιιιιιιιι
1316 1577 1319 1582 ’

152 1685 269 1756 adhuc
289 1687 473 1758 Pausaniae
494 1711 598 1772 aevo,
630 1699 668 1759 ut
688 1691 760 1784 ipse
775 1691 879 1760 refert
898 1691 942 1758 ll.
965 1684 1026 1774 15,
1046 1688 1082 1757 2.
1104 1693 1270 1758 monstra·
1390 1697 1392 1704 '

151 1789 260 1858 batur.

251 1941 407 2033 Denique
430 1942 516 2013 Ceto
537 1945 639 2015 etiam
659 1946 755 2014 illum
782 1946 964 2016 draconem
988 1945 1109 2014 dicitur
1130 1941 1268 2010 Phorco
1319 2019 1323 2026 ,

150 2045 339 2136 peperisse,
365 2046 423 2134 qui
436 2069 540 2135 poma
555 2048 783 2139 Hesperidum
798 2049 1023 2118 custodiebat:
1049 2046 1143 2136 quod
1157 2045 1268 2136 ipsum

151 2146 196 2215 de
214 2149 358 2216 monte
348 2149 544 2240 ignivomo,
579 2160 614 2218 et
634 2151 789 2240 quidem,
814 2160 851 2218 ut
872 2149 1021 2234 uidetur,
1048 2151 1093 2217 de
1118 2147 1266 2216 Vesuvio

106 2322 113 2326 ,
140 2251 405 2343 ,intelligendum
432 2274 521 2341 esse,
553 2253 588 2320 in
610 2261 773 2378 promptu
793 2266 851 2322 est.

251 2402 475 2470 Enumeratur
508 2403 632 2473 deinde
663 2371 794 2475 Oceani
830 2425 1000 2496 propago.
1056 2401 1101 2474 Ei
1122 2357 1303 2488 Tethys,

149 2467 226 2589 nt,
233 2527 321 2592 quae
335 2505 370 2572 in
390 2515 478 2573 terra
493 2515 568 2574 sunt
576 2507 829 2596 ‚nutrirentur,
854 2507 995 2576 Fluvios
1010 2504 1154 2597 peperit,
1178 2523 1268 2592 quo-

149 2630 225 2676 rum
241 2609 371 2697 aliquot
387 2608 536 2680 celebria
555 2612 692 2687 nomina
708 2614 798 2702 ipse,
823 2619 862 2681 ut
887 2608 1037 2694 videtur,
1065 2608 1109 2675 de
1126 2629 1186 2674 suo
1202 2603 1266 2672 ad-

150 2711 228 2781 iecit
247 2711 428 2780 Hesiodus.
487 2714 595 2782 Porro
623 2714 668 2784 de
695 2723 746 2782 ter
769 2715 861 2782 mille
887 2713 1019 2780 filiabus
1047 2709 1177 2780 Oceani
1202 2707 1266 2775 ali-

149 2823 233 2903 quot
250 2816 446 2884 nominatim
469 2815 669 2902 afferuntur,
697 2841 718 2885 a
740 2827 869 2885 vetusto
890 2816 1065 2886 conditore
1080 2832 1265 2906 cosmogo-
1304 2823 1306 2829 “

148 2921 225 2987 niae
240 2928 411 3009 acceptae.
462 2921 535 2990 Eae
550 2919 723 3011 nymphae
737 2921 847 2988 fontes
872 2920 1052 3004 denotant,
1078 2907 1264 2986 nominibus

149 3030 306 3088 anatura
326 3025 486 3110 cuiusque
509 3013 634 3109 ductis,
667 3025 702 3091 in
725 3047 869 3113 quorum
891 3022 1112 3112 explicatione
1139 3020 1264 3086 immo-

144 3124 213 3190 rari
243 3124 328 3193 nihil
359 3125 486 3193 attinet.
545 3125 728 3210 Quaedam
763 3149 877 3195 earum
906 3125 993 3192 infra
1023 3119 1263 3190 memorandae

147 3235 278 3296 erunt.

246 3349 300 3448 Ειι
327 3379 465 3468 reliquis
489 3379 666 3450 Titanibus
684 3375 733 3452 Υ
728 3376 878 3475 nector,
919 3378 1044 3463 Tollo,
1087 3385 1121 3445 et
1153 3370 1258 3461 orco,
1266 3385 1309 3450 15

146 3481 358 3566 Ambulona,
385 3506 514 3554 creasse
535 3484 692 3553 dicuntur
703 3479 875 3571 Ἠέλιον,
901 3477 1086 3578 Σελήνην,
1113 3486 1148 3546 et
1167 3472 1260 3548 ’.Ηῶ

120 3585 256 3658 Huius
277 3585 432 3669 fabulae,
459 3584 552 3675 quod
577 3587 621 3652 ad
642 3584 759 3670 Solem
783 3592 816 3650 et
838 3585 971 3650 Lunam
993 3585 1127 3665 attinet,
1153 3577 1262 3646 facilis
1349 3585 1352 3592 '

148 3687 331 3779 explicatio
352 3698 411 3756 est
462 3687 552 3756 Solis
572 3710 695 3756 nornen
722 3710 743 3753 a
763 3686 931 3754 volvendo
959 3685 1099 3754 ductum
1117 3680 1260 3778 videtur,
1304 3745 1319 3760 ,,

147 3800 185 3858 ιιι
207 3792 311 3862 verba
334 3789 444 3933 ἄελλα
468 3799 501 3859 et
519 3792 632 3864 ἑλλιιν
656 3787 847 3858 ostendunt:
870 3790 988 3859 Lunae
1013 3787 1115 3866 σέλας
1133 3807 1259 3852 nomen

121 3985 221 4088 ‘prie
235 3929 403 4065 Auroram
426 3997 660 4088 significasset,
686 3998 807 4066 mirum
820 3998 979 4087 profecto
999 3995 1104 4078 loret,
1131 3911 1259 4059 disiun-

146 4110 238 4170 ctam
260 4101 304 4166 ab
322 4098 423 4184 Sole,
450 4111 484 4167 et
503 4109 541 4166 nt
560 4085 763 4192 singularem
788 4097 986 4181 eorumdem
1012 4105 1190 4188 parentum
1214 4095 1258 4162 fi-

144 4203 228 4272 liam
252 4212 551 4292 commemoratam
572 4226 652 4272 esse
702 4202 750 4270 At
766 4203 854 4270 enim
867 4228 889 4271 a
901 4199 1051 4271 verbo''
1021 4227 1105 4273 astu
1125 4200 1260 4268 deriva-

89 4356 91 4374 ι
145 4316 218 4376 tum
234 4330 357 4378 nomen
376 4285 504 4375 Auram
517 4305 742 4400 significabat:
768 4327 870 4396 quarn
883 4314 975 4401 recte
986 4305 1051 4388 illis
1063 4301 1257 4395 parentibus
