3078 5026
39 1427 46 1435 ·
166 1391 253 1478 DE
300 1387 784 1534 MYTHOLOGIA
840 1392 1280 1490 GRAECORVM

181 1548 700 1659 ANTIQVISSIMA
723 1554 1281 1678 Dlssnnunulon.

162 2129 229 2236 Er
255 2164 429 2249 omnibus,
453 2172 620 2254 quotquot
640 2164 747 2234 hodie
770 2177 963 2258 supersunt,
989 2169 1195 2238 Graecarum
1215 2169 1300 2240 lit-1

160 2280 310 2342 terarum
334 2267 556 2336 monumentis
579 2267 728 2354 nullum,
760 2293 837 2338 mea
861 2272 1039 2357 sententia,
1071 2271 1278 2340 memorabi-
1366 2322 1375 2344 a

160 2374 225 2446 line
241 2381 300 2455 cst,
325 2392 427 2458 quarn
439 2369 645 2460 Theogonis
660 2371 813 2439 Hesiodi.
865 2372 970 2457 Quod
988 2395 1123 2445 carmen
1138 2375 1197 2442 etsi
1213 2395 1277 2441 nec

160 2473 408 2567 magnitudine,
455 2495 519 2542 uec
546 2472 730 2563 splendore
759 2475 966 2567 argumenti,
1015 2465 1203 2566 rerumque
1220 2483 1278 2546 out

165 2835 169 2842 ·
203 2805 233 2890 *)
255 2807 344 2868 Edita
373 2819 420 2870 art
447 2831 474 2868 e.
499 2813 590 2877 t817.
634 2810 721 2884 Quae
748 2809 806 2870 hac
836 2809 1044 2872 dissertatione
1064 2819 1095 2872 et
1119 2831 1171 2889 ea,
1200 2831 1277 2892 quae

162 2893 314 2974 sequitur,
335 2898 448 2976 scripta
469 2904 557 2975 sunt,
578 2896 702 2956 suerunt
723 2897 776 2976 qui
796 2896 846 2958 vel
868 2905 903 2956 ut
924 2897 1025 2958 lusum
1043 2897 1192 2975 riderent,
1213 2898 1275 2974 val,

162 2981 188 3040 si
216 2979 293 3040 serio
321 2979 400 3041 dicto
431 2992 545 3058 essent,
577 2983 793 3062 vituperarent.
836 2983 930 3042 iidem
958 2991 1057 3042 tamen
1082 2993 1196 3064 postes*
1215 2981 1275 3062 ipsi

161 3064 274 3143 aliquid
306 3067 459 3128 nominum
487 3067 751 3144 significationibus
780 3069 959 3130 tribuerunt.
1004 3068 1052 3126 Ex
1081 3087 1140 3146 quo
1170 3066 1274 3146 coilogi

160 3159 275 3229 potest,
308 3152 423 3212 etiarnsi
445 3153 476 3210 in
504 3153 628 3230 singulis
650 3174 709 3211 non
731 3153 808 3212 desit
829 3151 987 3210 dubitandi
1006 3151 1145 3228 matoria,
1174 3161 1274 3212 tamen

160 3254 304 3294 sommam
327 3256 430 3295 eorum
454 3255 531 3315 qnae
553 3237 616 3297 dixi
630 3237 751 3315 ‘aliquid
773 3238 838 3297 veri
861 3237 1022 3296 continere
1064 3237 1107 3298 Ea
1129 3244 1174 3297 est
1195 3235 1274 3296 eninr
1395 3249 1398 3256 '

159 3321 224 3380 veri
244 3321 291 3380 vis
312 3330 344 3381 et
364 3324 477 3396 virtus,
507 3331 543 3381 ut
572 3322 601 3380 ei
630 3323 717 3382 etism
749 3324 801 3401 qui
827 3321 934 3401 primo*
945 3321 1095 3382 adversati
1115 3320 1192 3398 sint,
1221 3343 1276 3402 po-

160 3415 270 3466 stremo
291 3407 341 3468 vei
363 3407 583 3467 dissimulantes
610 3407 727 3470 cedant.
770 3409 835 3466 Non
860 3407 973 3468 infitior
992 3416 1110 3480 tumen,
1130 3406 1274 3468 accidisse

158 3489 232 3549 mihi
252 3491 283 3550 in
298 3492 476 3570 quibusdam
496 3491 647 3572 partibus,
670 3493 752 3572 quod
773 3494 849 3552 solet
870 3493 925 3565 iis,
950 3494 1002 3572 qui
1023 3491 1060 3550 ab
1091 3491 1202 3550 usitate
1223 3493 1273 3550 vio

158 3592 255 3636 novae
281 3577 468 3656 quaerendae
496 3579 616 3637 semitae
645 3597 747 3636 caussa
772 3577 949 3650 discedunt,
979 3586 1015 3634 ut
1043 3575 1188 3635 varietate
1218 3574 1272 3633 fle-

158 3662 247 3720 xuosi
275 3661 358 3721 callis
385 3662 530 3722 invitante
564 3663 643 3721 iusto
678 3663 795 3738 longius
822 3661 1062 3740 progrediuntur.
1110 3661 1270 3718 Praeterea

157 3767 231 3805 vero
253 3745 420 3806 meminisse
442 3750 583 3806 lectorem
610 3755 748 3825 oportet,
777 3766 837 3805 non
869 3763 981 3826 paucas
1008 3747 1129 3805 iliarum
1154 3742 1269 3803 fabula·
1389 3750 1393 3758 ‘

157 3853 241 3909 rum,
269 3841 305 3891 ut
325 3833 358 3892 in
378 3831 416 3892 iis
439 3854 515 3912 quse
538 3832 576 3890 ad
600 3832 778 3890 Creurernm
802 3831 909 3910 scripsi
932 3831 1095 3892 indicatum
1118 3839 1179 3908 est,
1207 3850 1270 3889 non

155 3937 218 3976 uno
240 3917 331 3976 modo
352 3918 402 3978 vel
423 3939 510 4000 posse
530 3919 580 3978 vel
602 3917 709 3978 debere
740 3905 892 3996 expiicari.
937 3917 1094 3976 Caeterum
1123 3935 1199 3996 quae
1214 3931 1269 3975 'ura
1392 3956 1400 3971 Ι

158 4012 192 4062 ut
212 4001 288 4060 haec
309 4003 468 4066 scriberem
492 4003 618 4064 adduxit
638 4003 791 4064 nominum
815 4023 882 4063 cunr
893 4001 983 4062 rebus
997 4001 1188 4082 conspiratio,
1209 4002 1269 4060 inm

156 4085 352 4165 Pausaniam,
378 4089 453 4150 nihil
473 4091 532 4150 tuis
550 4109 646 4168 'quum
668 4090 801 4149 scribere
821 4087 968 4168 inciperet
988 4088 1206 4168 suspicantem,
1236 4087 1269 4145 iu

157 4191 322 4254 progressu
343 4175 442 4252 operis
464 4177 505 4234 ita
527 4174 666 4248 advertit,
689 4183 724 4234 ut
745 4175 811 4250 alia,
834 4193 922 4251 quam
945 4194 1020 4253 quae
1041 4174 1140 4252 primo
1162 4172 1271 4250 adspea

157 4268 207 4318 ctu
228 4257 414 4335 viderentur,
434 4259 500 4320 istis
521 4257 689 4319 fabularum
710 4259 874 4319 involucris
894 4259 1050 4320 recondito
1072 4279 1135 4319 esse
1156 4256 1269 4317 inteili-

147 4335 251 4422 ‘geret
296 4343 364 4419 Qua
386 4345 425 4408 de
446 4365 480 4409 re
501 4343 545 4406 sic
567 4343 671 4406 scribit
691 4344 772 4408 viti.
795 4351 825 4418 8,
848 4351 878 4411 2.
900 4338 1019 4422 τούτοις
1036 4338 1189 4426 Ἑλλήνων
1209 4335 1268 4420 tyn
