3058 5046
457 419 461 426 .
534 321 864 429 ursssnusuio.
1127 437 1129 442 ,
1179 371 1248 440 uer

127 547 242 608 tamen
262 545 300 604 ut
322 535 381 606 ille
400 529 565 629 plurimos
592 543 772 628 poetarum
799 539 912 625 lucos,
955 541 983 608 si
1006 561 1122 608 verum
1150 531 1249 609 lateri

114 641 303 726 uolumm,
338 641 526 732 corruperit
552 642 680 733 magis,
723 665 825 731 quam
849 641 1095 727 emendaverit,
1134 651 1248 714 tamen

127 745 235 831 ratio,
269 767 337 834 qua
357 743 468 824 iubis
490 745 767 837 disputationibus
789 769 866 814 usus
888 754 954 830 est,
987 753 1057 814 tam
1078 753 1128 814 est
1147 769 1249 838 egre-

128 849 211 940 gia,
234 856 275 916 ut
292 846 508 916 nihilomiuus
528 848 723 939 exemplum
746 848 866 920 haberi
887 849 1028 936 debeat,
1053 849 1148 939 quod
1170 851 1249 918 imi-

128 959 260 1036 tentur,
299 949 374 1046 qui·
387 949 581 1042 diligenter,
625 960 796 1043 accurate,
841 961 876 1022 et
909 953 1090 1045 perspicue
1121 950 1167 1020 de
1195 951 1248 1036 bis

127 1054 231 1122 rebus
267 1052 456 1145 disceptare
495 1055 620 1123 volunt
681 1055 750 1140 Qui
779 1064 817 1124 ut
850 1065 885 1125 et
915 1055 987 1127 hoc
1022 1056 1168 1142 discant,
1213 1064 1248 1125 et

126 1156 230 1226 simul
250 1158 487 1241 temeritatem,
512 1179 615 1248 quam
634 1158 670 1228 in
688 1157 845 1228 Bentleio
861 1159 960 1229 multi
983 1167 1157 1245 notarunt,
1184 1158 1248 1228 de·
1280 1163 1284 1176 “

126 1259 256 1329 clinare
304 1259 518 1347 adsuescant,
573 1283 650 1331 mea
702 1263 863 1331 sententia
906 1263 993 1332 illud
1040 1263 1248 1355 potissimum

129 1385 273 1454 operam
312 1362 395 1432 dare
433 1363 577 1450 debent,
634 1374 672 1434 ut
721 1365 785 1434 has
817 1366 961 1436 Bentleii
993 1365 1246 1456 disputationes,

126 1466 250 1556 quibus
278 1465 336 1535 ille
368 1467 463 1537 locos
492 1491 589 1537 sanos
618 1469 768 1556 vexavit,
801 1477 860 1539 aut
884 1468 1026 1538 affectos
1054 1490 1124 1538 uon
1155 1479 1249 1540 recte

126 1571 283 1655 restituit,
310 1570 448 1656 eadem,
474 1594 542 1661 qua
567 1572 639 1662 ipse
662 1573 712 1643 uti
733 1572 883 1660 solebat,
910 1573 1085 1665 diligentia
1099 1595 1141 1644 ac
1161 1581 1247 1650 stre-

126 1673 256 1742 nuitate
269 1672 438 1760 refellant,
462 1697 616 1765 quaeque
635 1675 796 1769 neglecta
817 1685 891 1747 suut
913 1676 1030 1763 abeo,
1056 1699 1098 1745 ea
1111 1675 1146 1744 iu
1167 1676 1247 1745 lucc

126 1775 317 1864 collocent,
353 1785 538 1871 uterrasse
555 1802 634 1848 eum
654 1779 722 1847 iam
751 1778 896 1850 dubitari
921 1780 1066 1870 amplius
1088 1787 1271 1867 nequeat-'l

125 1879 217 1960 Nam
235 1879 323 1948 illud
343 1881 484 1970 quidem
507 1882 707 1952 facillimum
730 1891 799 1974 est,
825 1905 921 1956 seusu
940 1890 1101 1952 monente
1116 1883 1248 1973 impro-

125 1983 210 2051 bare
236 2005 278 2051 ac
297 1985 438 2054 reiicere
458 1985 527 2054 eius
550 1985 815 2056 emendationes:
848 1989 954 2079 idque
978 1986 1157 2079 permulti,
1181 1986 1248 2082 im·
1314 2011 1319 2023 ·

125 2106 186 2154 mo
214 2085 369 2176 plerique
393 2085 547 2155 feceruut
572 2089 718 2157 editores
740 2090 875 2158 Horatii
897 2091 1131 2178 Terentiique,
1158 2110 1247 2176 quo-

123 2209 203 2256 rum
223 2197 336 2256 tamen
356 2187 469 2256 nullus
491 2189 572 2275 tirit,
597 2192 657 2279 qui
676 2194 868 2281 comparari
888 2213 966 2262 cum
986 2190 1144 2260 Bentleio
1164 2213 1263 2280 pos-.

124 2299 187 2360 set.
243 2291 324 2361 Hoc
349 2312 451 2376 vero,
488 2291 638 2362 refutare
668 2315 763 2380 eum,
797 2295 848 2361 uti
877 2316 979 2385 saepe
1008 2291 1247 2362 difficillimum

124 2402 194 2482 est,
228 2393 291 2478 ita,
325 2393 467 2464 sirecte
490 2402 525 2465 et
547 2395 650 2486 plene
675 2396 753 2482 fiat,
785 2396 885 2464 simul
915 2406 949 2466 et
976 2395 1125 2464 debitam
1151 2404 1246 2463 tauto

123 2497 199 2566 viro
239 2498 459 2566 reverentiam
490 2499 625 2590 prodit,
669 2507 704 2568 ct
742 2521 884 2589 operam
931 2498 1148 2589 scriptoribus
1180 2498 1247 2566 illis

124 2622 206 2669 vere
221 2601 405 2668 salutarem
426 2610 592 2692 praestat,
619 2611 653 2670 et
676 2602 948 2674 exercitationem
964 2601 1063 2672 affert
1083 2600 1161 2672 artis
1179 2602 1247 2674 cri-

124 2703 213 2776 ticae
236 2703 452 2776 utilissimam.
1103 2693 1107 2700 ¹
1145 2723 1147 2732 ’

228 2908 301 2978 Sed
321 2931 390 2980 ncu
411 2913 470 2980 est
484 2911 732 3003 praetereunda
755 2935 821 2980 uua
840 2913 975 2995 res„in
990 2934 1059 3001 qua
1074 2911 1247 2979 Bentleius

124 3012 288 3104 singulari
319 3035 398 3084 curu
431 3014 544 3084 fructu
576 3014 762 3092 litterarum
797 3015 906 3084 sensui
947 3015 1077 3099 omnia,
1117 3012 1247 3081 iudicio

125 3137 238 3208 prope
261 3115 348 3183 nihil
372 3118 498 3186 tribuit.
550 3118 637 3186 Dico
661 3127 774 3192 autem
796 3141 869 3186 rem
892 3119 1086 3200 metricam,
1121 3117 1157 3182 in
1179 3138 1247 3203 qua

124 3219 384 3288 lucideutissime
398 3228 541 3311 apparet
556 3219 705 3287 divinum
720 3219 783 3288 uiri
798 3219 990 3309 ingenium,
1017 3217 1075 3308 qui
1093 3239 1162 3286 ncn
1178 3219 1245 3286 alio

126 3320 233 3410 duce,
260 3346 362 3411 quam
376 3345 472 3391 sensu
486 3345 567 3410 suo,
592 3321 711 3412 spretis
727 3322 879 3389 inanibus
895 3320 1133 3414 magistrorum
1150 3345 1247 3390 com-

127 3425 265 3511 mentis,
295 3450 384 3495 nova
399 3427 549 3516 nullique
564 3434 690 3494 tentata
710 3425 765 3495 uia
786 3425 832 3493 ad
853 3426 1026 3500 veritatem
1044 3424 1244 3516 perruperit.

125 3529 215 3598 Nam
235 3553 340 3619 quum
366 3532 487 3600 omnis·
501 3552 717 3598 numerorum
740 3530 877 3606 scientia
905 3553 925 3602 a
953 3551 1049 3596 seusu
1079 3528 1246 3618 originem

127 3631 245 3719 ducat,
272 3643 425 3704 naturam
448 3655 565 3702 eorum
587 3641 701 3701 autem
724 3633 935 3720 rationesque
955 3632 1126 3723 explicare
1153 3629 1246 3698 diffi-

126 3735 291 3805 cillimum
308 3739 365 3806 sit:
389 3761 459 3806 uon
478 3746 527 3807 est
547 3739 689 3822 mirum,
714 3736 924 3821 Bentleium,
959 3758 1045 3824 quae
1070 3757 1148 3804 vera
1177 3756 1246 3802 esse

126 3839 279 3926 sentiret,
305 3863 410 3930 quum
427 3866 468 3910 ea
487 3841 657 3932 explicare
673 3861 742 3909 nou
756 3841 890 3930 po'sset,
917 3839 1077 3926 audacter
1091 3845 1129 3905 ut
1154 3846 1247 3906 certa

124 3943 161 4011 iu
178 3943 332 4020 medium
362 3946 522 4014 attulisse:
554 3967 700 4035 quorum
723 3943 956 4036 explanatione
975 3954 1013 4014 ut
1028 3941 1246 4033 supersedere

125 4055 261 4137 posset,
288 4069 444 4118 arcanam
467 4049 630 4118 rationem
643 4049 784 4119 musices
797 4047 1026 4131 memorabat,
1049 4046 1138 4115 bene
1159 4066 1246 4136 gna-

127 4171 195 4236 rus,
213 4151 346 4242 opinor,
368 4153 440 4222 aliis
456 4176 531 4222 eam
546 4175 615 4220 non
630 4153 739 4244 magis
762 4173 865 4240 quam
881 4147 1021 4242 sibiipsi
1038 4158 1153 4217 nolam
1167 4171 1246 4218 esse.

127 4252 179 4320 lta
198 4255 323 4340 evenit,
351 4264 407 4342 ut,
431 4276 537 4346 quum
557 4256 719 4326 iudicium
739 4255 784 4322 ab
807 4253 861 4322 his
881 4253 982 4328 rebus
1002 4252 1125 4344 procul
1138 4252 1246 4320 habe-

127 4365 195 4443 ret,
222 4358 401 4450 solumque
421 4382 552 4440 semum
573 4368 787 4452 sequeretur,
819 4380 888 4430 uon
912 4357 1075 4430 incideret
1095 4359 1130 4428 in
1153 4375 1246 4424 erro-

1140 4462 1149 4490 l
