3058 5046
442 1371 714 1466 ΕΣΜοΣ
748 1371 1254 1491 nummus).

740 1703 947 1720 ψ

288 1930 428 2055 Neque
446 1965 629 2036 lectoribus
650 1965 749 2036 huius
769 1969 867 2056 libri,
904 1991 1013 2060 neque
1043 1968 1108 2059 ipsi
1131 1966 1303 2051 Barkero,
1329 1967 1402 2036 viro

242 2071 341 2146 oeuti
363 2070 573 2155 doctissimo,
606 2071 652 2140 ita
674 2071 927 2159 candidissimo,
958 2074 1127 2164 ingratum
1150 2070 1225 2138 fore
1246 2070 1401 2155 arbitror,

288 2174 315 2242 si
334 2171 406 2259 his,
439 2196 526 2261 quae
545 2174 604 2241 ille
624 2174 723 2242 solita
747 2174 923 2268 diligentia
942 2175 1139 2297 disputavit,
1169 2195 1279 2266 pauca
1300 2173 1401 2242 addi-

287 2277 383 2346 dero.
433 2277 523 2344 Nam
548 2277 608 2344 etsi
631 2277 666 2344 in
684 2277 875 2347 universnm
897 2281 1066 2349 verissima
1089 2276 1174 2346 mihi
1194 2276 1326 2345 videtur
1347 2286 1402 2344 at-

286 2380 416 2465 tulisse,
441 2387 554 2446 tamen
575 2388 623 2448 est
645 2380 763 2466 etiarn,
788 2383 848 2451 nbi
875 2384 919 2451 ab
933 2406 975 2453 eo
992 2379 1249 2450 dissentiendum
1272 2389 1400 2470 putem.

289 2481 470 2552 Contendit
490 2483 675 2568 Barnous,
712 2479 825 2577 ἑσμόν
851 2485 1018 2581 μελίσσης
1039 2507 1149 2574 neque
1170 2482 1258 2567 mel,
1290 2503 1402 2571 neque
1512 2509 1513 2526 ν

288 2588 423 2677 copiam
444 2585 570 2672 mellis,
597 2584 657 2653 sed
681 2609 819 2654 examen
839 2610 943 2677 apum
962 2589 1169 2678 significare,
1201 2608 1270 2653 non
1290 2586 1403 2653 solum

286 2691 367 2778 quia
382 2710 457 2756 usus
470 2688 516 2754 ita
532 2687 696 2778 postulet,
723 2688 784 2756 sed
803 2690 904 2757 ctiam
925 2690 1018 2780 quod
1032 2699 1102 2758 tarn
1122 2689 1226 2757 durae
1241 2689 1303 2757 sint
1318 2690 1403 2756 istae

286 2790 524 2883 metaphorae,
550 2799 588 2859 ut
600 2792 694 2859 nullo
709 2791 806 2860 simili
823 2793 979 2884 exemplo
992 2793 1130 2861 defendi
1145 2813 1245 2881 posse
1259 2790 1403 2858 videan-

285 2901 349 2962 tur.
400 2893 456 2961 De
476 2894 544 2960 hac
564 2893 639 2983 ipsa
660 2915 740 2961 vero
768 2893 890 2962 duritie
910 2903 1002 2962 tanto
1024 2893 1209 2965 accuratius
1233 2914 1405 2980 quaeren-

285 2996 369 3065 dum
388 3005 490 3089 puto,
516 3016 583 3083 quo
604 2993 736 3063 facilius
761 2995 953 3063 exstiturum
972 2995 1090 3080 rideo,
1114 2993 1173 3084 qni
1188 3016 1228 3070 ex
1246 2994 1324 3083 ipsis
1343 2996 1404 3064 vel
1511 2985 1512 2998 ²

284 3098 453 3169 Athenaei
468 3098 525 3170 vel
537 3097 673 3189 Epinici
687 3097 797 3166 verbis
816 3099 1062 3168 excusationem
1080 3097 1218 3165 allatum
1238 3103 1302 3163 eat.
1354 3099 1403 3166 Et

285 3202 479 3274 Athenaeus
501 3201 640 3289 quidem
664 3201 710 3268 ita
731 3199 860 3270 scribit.
900 3202 1024 3276 ἔπινον
1050 3202 1088 3276 at
1118 3206 1155 3272 οἱ
1184 3199 1311 3272 πολλοὶ
1337 3201 1400 3272 παὶ

285 3306 425 3431 ἄλφιτα
451 3295 706 3394 ἐπιβάλλοντες
729 3304 783 3399 τῷ
807 3307 906 3399 οἴνῳ,
934 3303 978 3386 οἷς
1000 3333 1020 3377 ο
1011 3295 1182 3400 'Arione
1206 3295 1398 3396 Ηγήσαν-

286 3402 369 3507 δρός
395 3431 512 3506 φησιν
563 3375 766 3484 Ἐπίνικος
769 3408 876 3499 γοῦν,
904 3400 1256 3505 Muqomrole‘rtov'
1231 3397 1398 3497 ovdyuo-
1509 3461 1510 3510 ,

287 3539 345 3587 σιν
371 3506 625 3634 ποιησαμένου
640 3505 713 3579 τιὸν
748 3507 940 3630 ἱστοριῶν,
981 3514 1020 3583 ἐν
1046 3510 1102 3590 αἶς
1128 3508 1326 3601 ἐγέγραπτο
1354 3503 1398 3586 οἷς
1509 3511 1510 3524 ’

286 3617 461 3695 Σέλευκος
486 3607 719 3733 α’πηλφίτισο,
750 3605 895 3706 γράψας
923 3611 1045 3710 δρᾶμα
1070 3602 1395 3735 Μνησιπτόλεμον,

285 3747 346 3792 παι
338 3712 548 3840 emundor
574 3705 711 3802 αὐτόν,
750 3712 809 3785 καὶ
834 3713 915 3809 περὶ
940 3716 1004 3811 τῆς
1036 3710 1173 3793 πόλεως
1189 3737 1277 3789 ταις
1303 3708 1396 3782 ἐπει-
1508 3759 1509 3762 ¹

285 3846 351 3895 νον
382 3812 564 3917 χρώμενος
590 3819 741 3913 φοναῖς,
776 3816 921 3914 ἐποίησε
953 3819 1117 3913 λέγοντο
1169 3814 1325 3904 Apparet
1358 3831 1397 3879 ⁸¹

254 4195 256 4202 ‚
300 4161 359 4240 .*)
387 4163 469 4224 Haec
495 4167 705 4226 commentatio
740 4167 777 4226 de
812 4165 880 4226 loeo
909 4165 1054 4227 Athenaei
1082 4170 1122 4228 X.
1152 4187 1184 4246 p.
1214 4169 1287 4231 432.
1317 4115 1397 4224 edita

286 4257 331 4311 est
352 4271 378 4309 a·
404 4253 496 4313 1818.
524 4252 557 4312 iu
577 4252 611 4314 Ε.
635 4251 671 4313 Δ.
694 4251 795 4312 wolfii
816 4251 971 4313 Analectis
992 4251 1145 4313 litterariis
1172 4251 1232 4313 vol.
1255 4251 1293 4313 11.
1316 4258 1395 4330 part·

285 4337 307 4401 1.
330 4355 363 4418 p.
385 4336 437 4401 6⁷·
459 4351 545 4416 seqq.
