3058 5046
440 373 443 394 '
516 383 851 448 DISSERTATIO.
1176 381 1238 450 un

122 555 307 625 mirabilia
337 556 454 627 videri
491 557 671 652 intelligo:
704 558 770 628 sed
803 558 910 651 quam
936 564 1032 627 certe
1055 557 1241 650 superiora

110 660 235 757 firma
250 682 297 729 ac
314 683 403 729 uera
416 662 500 747 sint,
528 662 583 730 his
605 670 725 730 antem
747 685 792 730 ea
812 669 1044 731 consentanea
1065 669 1100 728 et
1120 683 1241 730 conse-

124 764 288 857 quentia,
313 785 358 831 ne
378 763 565 833 dehoram
588 764 731 857 quidem
753 773 805 834 est
824 766 974 834 ueritate
995 761 1242 849 dubitandam,

124 868 210 951 sed,
237 889 451 959 quamquam
471 876 605 960 negant
624 891 689 938 nec
707 869 854 937 uirtutes
874 891 939 936 nee
959 867 1049 937 vitia
1072 887 1242 952 crescere,

126 977 300 1038 ettamen
315 979 501 1063 atrumque
524 993 643 1040 eoram
656 971 770 1065 sandi
790 972 946 1064 quodam
962 970 1068 1039 modo
1090 978 1124 1038 et
1142 970 1244 1061 qnasi

124 1073 279 1141 dilatari
302 1081 452 1164 putant,
493 1075 638 1143 diuitias
667 1082 786 1142 autem
816 1075 1001 1168 Diogenes
1031 1081 1146 1142 censet
1174 1093 1243 1141 non

127 1199 210 1244 eam
224 1177 330 1243 ruodo
345 1178 417 1244 vim
434 1175 586 1262 habere,
613 1185 652 1245 ut
672 1179 775 1270 quasi
790 1179 902 1246 daces
919 1179 988 1246 sint
1003 1178 1056 1245 ad
1077 1179 1243 1268 volupta-

125 1287 199 1347 tem
219 1286 258 1346 'et
277 1279 330 1368 ad
358 1281 597 1348 valetudinem
622 1279 768 1367 lanam,
803 1282 868 1349 sed
899 1283 1007 1350 etiam
1028 1289 1074 1349 at
1090 1302 1135 1348 ea
1160 1301 1244 1348 oon·

125 1382 277 1469 tineam,
303 1405 372 1449 non
386 1383 482 1451 idern
493 1382 628 1476 facere
643 1395 705 1452 eas
724 1385 915 1473 invirtute,
940 1406 1053 1475 neque
1067 1383 1103 1451 in
1124 1391 1243 1452 caete-

124 1485 178 1554 ris
200 1485 354 1568 arctoos,
381 1486 433 1553 ad
455 1509 545 1578 qaas
559 1510 633 1554 esse
650 1489 726 1555 dax
734 1488 890 1581 pecunia
904 1495 1042 1579 potest,
1068 1475 1250 1555 continere

79 1623 82 1628 ·
124 1595 246 1658 autern
278 1611 347 1656 noa
368 1596 496 1681 potest.
523 1660 529 1688 x
556 1590 750 1659 cohaerent
774 1589 872 1662 haec.
887 1589 952 1658 ita:
985 1613 1029 1658 ne
1053 1589 1242 1657 dehoram

123 1691 262 1781 quidem
285 1700 334 1758 est
355 1692 494 1759 veritate
514 1692 752 1782 dubitandum,
779 1694 838 1762 sed
859 1717 929 1762 non
947 1692 1041 1763 idem
1056 1693 1171 1765 facere
1187 1694 1242 1761 di-

122 1794 217 1863 vitias
247 1795 283 1861 in
306 1795 429 1864 nirtute
463 1797 668 1865 censendum
696 1807 761 1866 est:
796 1798 891 1886 quod
914 1796 1145 1866 ,censendam
1179 1805 1241 1882 est,
1359 1857 1362 1870 .

123 1896 283 1988 quoniam
309 1898 392 1966 latet
417 1900 450 1966 in
473 1900 552 1985 illo,
585 1922 653 1969 non
676 1910 727 1970 est
745 1900 999 1984 dubitandam,
1025 1903 1145 1970 omisit.
1196 1901 1244 1968 Et

121 2001 170 2069 sie
201 1999 302 2069 etiam
339 2025 426 2090 quae
466 2016 667 2091 sequuntur,
717 2005 849 2076 facilius
890 2005 1045 2073 videntur
1081 2006 1244 2096 explicari

119 2125 233 2195 posse.

225 2253 349 2322 Levius
372 2262 421 2322 est
441 2256 583 2326 alterum
604 2257 639 2324 in
657 2255 808 2351 prologo
829 2256 989 2328 Andriae.
1040 2259 1129 2327 Nam
1150 2258 1244 2348 quod

120 2358 233 2429 statim
255 2357 419 2447 sequitur:

225 2531 319 2605 qnae
342 2527 548 2597 convenere,
581 2513 618 2580 ia
639 2511 821 2580 Andriam
838 2536 882 2581 ea
900 2509 1089 2581 Perinthia
1247 2537 1289 2600 11

220 2615 361 2710 fatetur
383 2617 605 2686 transtulisse
629 2604 736 2710 atque
757 2639 859 2720 usam
874 2637 946 2711 pro
967 2617 1051 2696 sais,

121 2755 230 2847 „quis
245 2754 415 2823 fatetur?“
440 2733 564 2845 inquit:
593 2778 668 2840 „an
685 2753 902 2822 Menander?
926 2755 953 2822 is
980 2754 1069 2822 enim
1089 2756 1240 2824 nomina-

122 2861 240 2948 „tivus
268 2858 302 2925 in
315 2943 317 2950 γ
330 2858 486 2949 proximo
518 2868 583 2928 est:
617 2858 708 2926 adde
736 2858 839 2950 igitur
868 2859 904 2925 in
936 2857 1004 2940 fine
1032 2883 1164 2946 versuS,
1199 2865 1244 2929 ed

122 2961 312 3031 Perinthia
334 2958 444 3032 hic?“
483 2963 529 3032 At
558 2963 655 3030 inane
684 2960 754 3031 hoe
777 2971 1013 3054 argumentum
1042 2971 1107 3048 est,
1140 2987 1244 3053 quum

122 3074 216 3133 recte
239 3088 430 3156 pronomen
451 3068 638 3151 omittatur,
663 3065 723 3132 ubi
746 3089 799 3132 res
821 3067 894 3155 ipsa
917 3087 986 3132 non
1006 3065 1079 3130 sinit
1102 3065 1244 3133 dubium

124 3191 214 3252 esse,
246 3168 291 3262 de
315 3191 383 3257 quc
408 3191 517 3235 sermo
541 3169 591 3234 sit
650 3167 764 3252 Quare
787 3174 820 3234 et
842 3166 901 3235 hie
926 3167 990 3233 isto
1012 3166 1243 3238 additamento

122 3280 216 3341 recte
236 3273 442 3354 carebimus,
469 3280 503 3362 et
524 3269 558 3335 in
581 3268 740 3336 Eunuchi
758 3269 907 3359 prologo
928 3291 959 3336 v.
979 3268 1039 3336 31.
1063 3293 1104 3340 ae
1129 3273 1243 3341 Phor-

121 3373 243 3441 mionis
265 3397 296 3442 v.
317 3373 353 3442 4.
405 3371 496 3441 Illud
518 3395 599 3440 vero
619 3371 763 3456 mireris,
791 3392 851 3440 cur
875 3395 951 3439 eam
974 3374 1244 3444 emendationem
1355 3381 1358 3384 ’

122 3500 192 3546 non
208 3478 326 3547 fecerit
341 3479 375 3545 in
389 3477 539 3569 prologo
555 3475 928 3543 Heautontimorumeni
951 3497 983 3543 v.
1009 3476 1070 3542 11.
1093 3480 1154 3546 ubi
1168 3501 1244 3545 ma-

120 3582 231 3649 iorem
249 3581 356 3651 videri
377 3589 488 3673 potest
506 3579 727 3648 offensionem
747 3577 876 3648 habere
895 3577 985 3648 haec
1006 3577 1245 3680 omissio'pro7

122 3706 274 3752 nominis.

115 3855 117 3864 ·
226 3821 299 3890 Sed
312 3821 484 3902 videamus
496 3819 654 3890 Eunuchi
667 3819 871 3912 prologum,
897 3818 991 3890 euius
1006 3821 1116 3888 statim
1131 3821 1242 3913 primo

103 3925 236 4000 'versui
250 3948 394 3995 manum
423 3925 685 3995 emendatricem
714 3922 964 3994 admovendam
991 3925 1132 4014 putavit.
1190 3926 1244 3994 lbi

123 4026 213 4100 haec
236 4029 413 4122 legunturt
885 4044 887 4055 '

226 4166 259 4234 si
280 4168 465 4259 quisquam
486 4174 553 4252 est,
580 4167 642 4259 qui
658 4165 808 4258 plaeere
831 4186 870 4234 se
890 4163 1035 4234 studeat
1060 4162 1167 4235 lonis.

227 4255 337 4363 auam
353 4269 538 4363 plurimis,
565 4276 599 4338 et
623 4269 765 4338 minime
785 4269 913 4337 multos
933 4267 1090 4356 laedere,

228 4374 271 4441 in
285 4373 341 4442 his
357 4381 470 4466 poeta
497 4374 556 4442 hio
576 4394 702 4443 nomen
719 4369 914 4469 profitetur
936 4395 1048 4442 saum.
1120 4435 1121 4438 ,
1233 4407 1236 4418 ·
