3058 5046
294 348 358 416 aba
614 347 795 410 numos
821 350 1110 442 uenustus.

290 509 415 588 inutilis
428 517 593 609 particula
610 519 649 612 μί
665 520 727 588 sibi
748 519 850 589 vellet
866 521 1095 606 ostenderunt,
1120 543 1232 612 neque
1245 521 1404 590 animad-

246 629 465 693 itlverterunt
484 621 560 688 tolli
580 646 621 690 ea
639 624 820 692 mutatione
835 623 1043 693 insolentiam
1053 623 1205 710 dicendi,
1229 646 1332 712 quam
1347 626 1405 694 af·

291 725 441 795 fectabat
468 723 767 818 Mnesiptolemus,
818 749 881 796 nec
907 727 1052 816 denique
1076 728 1283 818 cogitarunt,
1333 751 1404 796 non

291 827 422 920 pultem
437 825 563 896 factam
582 851 670 914 esse,
702 829 761 898 sed
778 829 931 920 paullum
949 831 1076 898 sannae
1099 821 1294 922 adspersum
1312 832 1403 899 vino.

291 929 469 1022 Aptissime
497 953 578 1000 vero
607 931 906 1022 Mnesiptolemus,
951 955 1011 1002 suo
1038 933 1176 1023 quidem
1195 955 1321 1026 genere
1348 933 1403 1000 di-

292 1032 409 1117 cendi,
440 1025 635 1131 Δήμητρος
661 1029 753 1130 οἱκτῇ
780 1035 852 1106 σοῖν
871 1029 984 1132 ιίγρόυ
1007 1037 1211 1131 γοφυριὸσαι
1241 1034 1343 1120 dixit,
1374 1039 1402 1105 si

290 1137 428 1227 quidem
449 1136 570 1205 iniecta
596 1137 702 1206 farina
729 1137 862 1219 vinum,
895 1148 934 1204 ut
956 1161 1045 1226 aqua
1072 1149 1195 1228 ponte,
1235 1139 1401 1212 sternitur.

290 1231 391 1308 Natat
406 1239 495 1306 enim
510 1239 543 1306 in
564 1240 758 1329 superficie,
785 1239 895 1309 donec
914 1238 1033 1308 hausto
1054 1241 1197 1310 humore
1220 1252 1401 1332 mergatur.

290 1341 405 1410 Mersa
425 1343 483 1430 qui
506 1342 618 1410 vinum
639 1343 817 1427 bibebant,
843 1353 877 1409 et
898 1338 1147 1437 οίιιαλφιτίζειο
1169 1343 1235 1413 dici
1248 1354 1402 1434 potuere,

291 1454 325 1514 et
348 1440 410 1518 ἐπ’
433 1439 589 1541 α’λφίτου
604 1445 721 1519 πίνειν
728 1500 742 1534 ,
771 1454 806 1513 ut
830 1467 898 1512 non
919 1447 1027 1538 magis
1045 1447 1078 1513 in
1099 1447 1210 1535 primo
1230 1469 1329 1514 versu
1343 1443 1401 1518 ἀπ’

290 1543 447 1640 ἀλφίτου
471 1548 589 1632 scribi,
625 1571 726 1636 quam
757 1558 898 1640 propter
924 1548 1013 1616 istud
1041 1545 1102 1622 ἐπ’
1129 1545 1285 1642 α’λφίτου
1308 1549 1402 1640 apud

288 1650 501 1747 Athenaeum
533 1650 746 1747 ἐπαλφίτιοο
778 1651 1012 1742 reponendum
1041 1651 1303 1719 esse‘videatur.
1363 1651 1402 1724 ln

289 1754 408 1820 ultimo
423 1775 522 1820 versu
537 1746 631 1842 ipuod
654 1754 804 1845 epitome
822 1755 899 1824 MS.
913 1753 1025 1838 dedit,
1052 1753 1296 1850 κατῃσίμωσα,
1322 1775 1407 1823 cae-¹

288 1865 437 1924 terorum
459 1857 623 1927 librorum
645 1858 829 1947 scripturae
855 1855 1086 1952 κατῃσίμωσα
1112 1857 1273 1948 praetuli,
1315 1880 1402 1945 quae

288 1981 397 2050 nuper
417 1959 451 2026 in
478 1959 703 2056 κὀτῃοίμωσο
727 1968 856 2026 mutata
877 1959 959 2042 fuit,
992 1958 1104 2027 nescio
1134 1982 1177 2026 an
1205 1958 1306 2026 haud·
1328 1961 1402 2027 satis

288 2062 540 2154 circumspecte.
599 2061 713 2130 Multo
746 2063 833 2129 enim
866 2061 1058 2154 credibilius
1093 2069 1159 2146 est,
1209 2062 1402 2147 Seleucum,

288 2187 390 2256 quem
418 2162 526 2261 ἡδέως
551 2164 704 2237 πίνοντα
723 2165 870 2251 viderat,
912 2188 932 2230 a
958 2163 1221 2255 Mnesiptolemo
1248 2165 1403 2235 introdu-

288 2277 381 2338 ctum
402 2267 503 2336 fuisse
524 2268 570 2335 ita
593 2263 774 2358 magnifice
792 2268 1002 2356 loquentem,
1028 2290 1129 2356 quarn
1143 2269 1257 2357 ipsum
1271 2267 1404 2336 Mnesi-

288 2371 477 2462 ptolemum
500 2370 620 2440 intuli
645 2393 684 2438 re
711 2370 1006 2440 commemoranda
1028 2373 1093 2447 isto
1117 2393 1243 2462 genere
1267 2370 1405 2440 dicendi

287 2496 385 2543 usum
414 2497 496 2542 esse.
552 2474 634 2542 Hoc
655 2474 744 2542 enim
766 2475 862 2543 nimis
882 2473 1034 2564 ineptum
1056 2473 1186 2542 fuisset:
1218 2474 1303 2541 illud
1321 2495 1403 2544 vero

288 2576 417 2666 aliquid
441 2577 656 2645 excusationis
675 2576 842 2660 babebat,
879 2597 1013 2668 regern,
1046 2578 1132 2644 bene
1158 2576 1221 2645 sibi
1250 2599 1321 2646 esse
1350 2577 1403 2646 di-

288 2692 436 2765 centem,
461 2679 496 2745 in
514 2679 764 2770 compotatione
776 2668 852 2767 ipsu
872 2679 992 2768 paullo
1012 2678 1171 2746 tumidius
1188 2679 1302 2767 loqui.

388 2880 531 2959 Veniam
547 2901 651 2967 nunc,
685 2903 754 2968 quo
774 2882 943 2970 volebam.
995 2880 1100 2950 Ridet
1120 2883 1258 2971 quidem
1279 2881 1404 2975 Epini-

285 3006 346 3054 ,cus
363 2981 667 3072 ‚Mnesiptolemum
689 2981 833 3073 propter
854 2983 1006 3049 inflatum
1027 3005 1137 3074 genus
1158 2983 1311 3068 dicendi,
1342 3011 1404 3056 ve-

160 3161 163 3168 ,
286 3112 362 3158 rum
376 3108 445 3154 nou
464 3083 551 3154 illud
570 3085 755 3177 significat,
781 3084 900 3152 dixisse
924 3107 1002 3152 eum
1024 3107 1113 3172 quae
1131 3085 1200 3161 dici
1221 3101 1403 3178 nequeant,

288 3190 349 3259 sed
372 3190 441 3258 hoc
468 3197 581 3273 notat,
622 3188 715 3276 quod
744 3189 779 3256 in
801 3188 900 3259 rebus
930 3187 1067 3254 exilibus
1096 3198 1188 3266 tanto
1222 3191 1403 3260 verborum

287 3294 427 3381 strepitu
443 3292 606 3361 abutatur.
658 3293 780 3380 ltaque
800 3313 869 3358 non
894 3291 1075 3360 conficeret
1096 3315 1186 3379 rem,
1212 3293 1270 3381 qui
1289 3288 1401 3387 sopio

286 3395 454 3490 μελίσσης
474 3414 539 3483 pro
562 3393 664 3475 melle
679 3395 733 3462 vel
749 3395 849 3484 copia
863 3393 972 3463 mellis
994 3417 1014 3460 a
1036 3394 1111 3462 solo
1126 3393 1401 3485 Mnesiptolemo‚

287 3509 326 3568 ut
340 3498 502 3588 scriptore
515 3498 652 3587 inepto,
679 3496 807 3566 dietum
828 3495 1060 3566 contenderet
1108 3496 1179 3566 Sed
1191 3499 1317 3568 cautius
1332 3500 1402 3568 sol·

287 3602 397 3670 vende
418 3610 468 3670 est
491 3599 579 3670 haec
602 3599 785 3684 dubitatio,
817 3599 1086 3687 videndumque,
1127 3623 1188 3684 ne,
1223 3601 1251 3668 si
1281 3601 1402 3674 eadem

241 3717 283 3778 71
291 3706 396 3774 verba
419 3704 453 3770 in
471 3724 509 3770 re
533 3703 628 3794 gravi
653 3713 801 3793 optoque
821 3703 901 3770 loco
918 3709 1075 3792 usurpata
1097 3712 1221 3785 essent,
1246 3703 1332 3770 nihil
1349 3728 1402 3772 es—

291 3816 364 3874 seut
385 3805 579 3874 offersionis
598 3805 775 3876 habitura.=
818 3804 934 3889 ¹Quum
957 3815 1069 3872 autem
1094 3804 1182 3874 duae
1202 3806 1402 3896 interpreta-

289 3909 395 3976 tiones
408 3917 575 4001 prostent,
601 3907 646 3975 de
667 3918 806 3996 utraque
823 3929 972 3975 seorsum
993 3905 1222 3996 quaerendum
1239 3918 1299 3977 est.
1350 3911 1403 3978 Ac

287 4019 379 4078 recte
398 4013 534 4079 omnino
556 4019 659 4102 negat
681 4010 866 4095 Barkenrs,
893 4002 1005 4102 ἑσμόν
1027 4008 1194 4105 μελίσσης
1218 4033 1318 4102 posse
1332 4033 1402 4083 ,co-

286 4111 381 4205 piam
400 4113 509 4180 mellis
530 4113 734 4205 significare:
759 4133 877 4182 ,verum
897 4115 1061 4182 rationem
1084 4109 1184 4181 huius
1206 4115 1255 4182 rei
1277 4114 1401 4183 vellem

287 4213 499 4303 explicuisset
522 4217 572 4286 vir
593 4216 896 4306 praestantissimus.
957 4217 1046 4284 Nam
1069 4239 1147 4284 usus
1169 4215 1331 4308 ipseper
1355 4239 1401 4301 se,

287 4319 368 4390 licet
381 4315 533 4408 plurimis
550 4320 711 4412 exemplis
726 4317 957 4406 confirmatus,
981 4341 1050 4391 nou
1064 4328 1191 4390 tantam
1203 4318 1310 4390 babet
1321 4318 1401 4406 ¹viru,
