<?xml version="1.0" encoding="UTF-8"?>
<!DOCTYPE html PUBLIC "-//W3C//DTD XHTML 1.0 Transitional//EN"
    "http://www.w3.org/TR/xhtml1/DTD/xhtml1-transitional.dtd">
<html xmlns="http://www.w3.org/1999/xhtml" xml:lang="en" lang="en">
 <head>
  <title>
</title>
<meta http-equiv="Content-Type" content="text/html;charset=utf-8" />
  <meta name='ocr-system' content='tesseract 3.04.00' />
  <meta name='ocr-capabilities' content='ocr_page ocr_carea ocr_par ocr_line ocrx_word'/>
</head>
<body>
  <div class='ocr_page' id='page_1' title='image "./opuscula03hermgoog/opuscula03hermgoog_0141.png"; bbox 0 0 3078 5026; ppageno 0'>
   <div class='ocr_carea' id='block_1_1' title="bbox 250 323 1263 436">
    <p class='ocr_par' dir='ltr' id='par_1_1' title="bbox 250 323 1263 436">
     <span class='ocr_line' id='line_1_1' title="bbox 250 323 1263 436; baseline -0.007 -32"><span class='ocrx_word' id='word_1_1' title='bbox 250 335 316 404; x_wconf 75' lang='lat' dir='ltr'><strong>lbd</strong></span> <span class='ocrx_word' id='word_1_2' title='bbox 400 336 459 400; x_wconf 76' lang='lat' dir='ltr'><strong>nr</strong></span> <span class='ocrx_word' id='word_1_3' title='bbox 480 333 642 399; x_wconf 83' lang='lat' dir='ltr'>CHORO</span> <span class='ocrx_word' id='word_1_4' title='bbox 668 323 957 402; x_wconf 80' lang='lat' dir='ltr'><strong>EVMEN&#39;IDVM</strong></span> <span class='ocrx_word' id='word_1_5' title='bbox 977 334 1218 400; x_wconf 76' lang='lat' dir='ltr'><strong>luscum</strong></span> <span class='ocrx_word' id='word_1_6' title='bbox 1261 425 1263 436; x_wconf 35' lang='grc' dir='ltr'>Ι</span> 
     </span>
    </p>
   </div>
   <div class='ocr_carea' id='block_1_2' title="bbox 194 505 1371 4319">
    <p class='ocr_par' dir='ltr' id='par_1_2' title="bbox 217 505 1371 4319">
     <span class='ocr_line' id='line_1_2' title="bbox 250 505 1369 600; baseline 0 -23"><span class='ocrx_word' id='word_1_7' title='bbox 250 509 381 594; x_wconf 88' lang='lat' dir='ltr'><strong>lorum,</strong></span> <span class='ocrx_word' id='word_1_8' title='bbox 407 507 595 594; x_wconf 87' lang='lat' dir='ltr'><strong>Iacobsius,</strong></span> <span class='ocrx_word' id='word_1_9' title='bbox 621 514 675 596; x_wconf 87' lang='lat' dir='ltr'><strong>et,</strong></span> <span class='ocrx_word' id='word_1_10' title='bbox 710 509 807 600; x_wconf 91' lang='lat' dir='ltr'><strong>quod</strong></span> <span class='ocrx_word' id='word_1_11' title='bbox 830 507 974 596; x_wconf 84' lang='lat' dir='ltr'><strong>mireris,</strong></span> <span class='ocrx_word' id='word_1_12' title='bbox 1005 505 1079 600; x_wconf 88' lang='lat' dir='ltr'><strong>lpse</strong></span> <span class='ocrx_word' id='word_1_13' title='bbox 1097 505 1313 599; x_wconf 83' lang='lat' dir='ltr'><strong>Boettigerus</strong></span> <span class='ocrx_word' id='word_1_14' title='bbox 1332 505 1369 577; x_wconf 88' lang='lat' dir='ltr'><strong>in</strong></span> 
     </span>
     <span class='ocr_line' id='line_1_3' title="bbox 250 609 1370 705; baseline -0.001 -24"><span class='ocrx_word' id='word_1_15' title='bbox 250 613 339 681; x_wconf 77' lang='lat' dir='ltr'><strong>liuto</strong></span> <span class='ocrx_word' id='word_1_16' title='bbox 360 612 406 680; x_wconf 94' lang='lat' dir='ltr'><strong>de</strong></span> <span class='ocrx_word' id='word_1_17' title='bbox 428 613 580 705; x_wconf 87' lang='lat' dir='ltr'><strong>personis</strong></span> <span class='ocrx_word' id='word_1_18' title='bbox 601 611 781 682; x_wconf 81' lang='lat' dir='ltr'>Furiarum</span> <span class='ocrx_word' id='word_1_19' title='bbox 806 635 841 704; x_wconf 91' lang='lat' dir='ltr'><strong>p.</strong></span> <span class='ocrx_word' id='word_1_20' title='bbox 865 612 900 680; x_wconf 81' lang='lat'><strong>2.</strong></span> <span class='ocrx_word' id='word_1_21' title='bbox 927 633 1132 703; x_wconf 87' lang='lat' dir='ltr'><strong>quamquam</strong></span> <span class='ocrx_word' id='word_1_22' title='bbox 1155 609 1215 680; x_wconf 88' lang='lat' dir='ltr'><strong>hic</strong></span> <span class='ocrx_word' id='word_1_23' title='bbox 1236 632 1298 697; x_wconf 92' lang='lat' dir='ltr'><strong>eo,</strong></span> <span class='ocrx_word' id='word_1_24' title='bbox 1328 619 1370 680; x_wconf 91' lang='lat' dir='ltr'><strong>ut</strong></span> 
     </span>
     <span class='ocr_line' id='line_1_4' title="bbox 250 713 1367 807; baseline -0.004 -21"><span class='ocrx_word' id='word_1_25' title='bbox 250 715 402 800; x_wconf 82' lang='lat' dir='ltr'><strong>videtur,</strong></span> <span class='ocrx_word' id='word_1_26' title='bbox 440 715 617 803; x_wconf 88' lang='lat' dir='ltr'><strong>inclinans,</strong></span> <span class='ocrx_word' id='word_1_27' title='bbox 656 723 695 784; x_wconf 92' lang='lat' dir='ltr'><strong>ut</strong></span> <span class='ocrx_word' id='word_1_28' title='bbox 717 715 780 784; x_wconf 89' lang='lat' dir='ltr'><strong>nisi</strong></span> <span class='ocrx_word' id='word_1_29' title='bbox 806 715 1066 807; x_wconf 70' lang='lat' dir='ltr'><strong>quinquaginta,</strong></span> <span class='ocrx_word' id='word_1_30' title='bbox 1106 723 1199 784; x_wconf 87' lang='lat' dir='ltr'><strong>certe</strong></span> <span class='ocrx_word' id='word_1_31' title='bbox 1229 713 1367 794; x_wconf 84' lang='lat' dir='ltr'><strong>ommno</strong></span> 
     </span>
     <span class='ocr_line' id='line_1_5' title="bbox 249 816 1369 912; baseline -0.001 -25"><span class='ocrx_word' id='word_1_32' title='bbox 249 819 367 911; x_wconf 86' lang='lat' dir='ltr'><strong>plures</strong></span> <span class='ocrx_word' id='word_1_33' title='bbox 392 839 495 908; x_wconf 86' lang='lat' dir='ltr'><strong>quam</strong></span> <span class='ocrx_word' id='word_1_34' title='bbox 530 817 596 888; x_wconf 85' lang='lat' dir='ltr'><strong>XV</strong></span> <span class='ocrx_word' id='word_1_35' title='bbox 629 839 789 912; x_wconf 77' lang='lat' dir='ltr'><strong>personas</strong></span> <span class='ocrx_word' id='word_1_36' title='bbox 818 817 917 889; x_wconf 89' lang='lat' dir='ltr'><strong>chori</strong></span> <span class='ocrx_word' id='word_1_37' title='bbox 950 839 1056 908; x_wconf 87' lang='lat' dir='ltr'><strong>usque</strong></span> <span class='ocrx_word' id='word_1_38' title='bbox 1086 816 1133 885; x_wconf 93' lang='lat' dir='ltr'><strong>ad</strong></span> <span class='ocrx_word' id='word_1_39' title='bbox 1160 816 1369 887; x_wconf 80' lang='lat' dir='ltr'><strong>Eumenides</strong></span> 
     </span>
     <span class='ocr_line' id='line_1_6' title="bbox 250 911 1368 1042; baseline -0.004 -51"><span class='ocrx_word' id='word_1_40' title='bbox 250 921 352 991; x_wconf 79' lang='lat' dir='ltr'><strong>luisse</strong></span> <span class='ocrx_word' id='word_1_41' title='bbox 375 929 482 1016; x_wconf 84' lang='lat' dir='ltr'><strong>putet.</strong></span> <span class='ocrx_word' id='word_1_42' title='bbox 534 921 670 990; x_wconf 90' lang='lat' dir='ltr'><strong>Polluci</strong></span> <span class='ocrx_word' id='word_1_43' title='bbox 689 923 845 1012; x_wconf 90' lang='lat' dir='ltr'><strong>quidem,</strong></span> <span class='ocrx_word' id='word_1_44' title='bbox 878 943 997 1042; x_wconf 81' lang='lat' dir='ltr'><strong>parum</strong></span> <span class='ocrx_word' id='word_1_45' title='bbox 1020 927 1178 991; x_wconf 86' lang='lat' dir='ltr'><strong>accurato</strong></span> <span class='ocrx_word' id='word_1_46' title='bbox 1190 911 1368 1012; x_wconf 84' lang='lat' dir='ltr'><strong>scriptori,</strong></span> 
     </span>
     <span class='ocr_line' id='line_1_7' title="bbox 250 1024 1368 1118; baseline -0.001 -25"><span class='ocrx_word' id='word_1_47' title='bbox 250 1027 387 1094; x_wconf 90' lang='lat' dir='ltr'><strong>omnino</strong></span> <span class='ocrx_word' id='word_1_48' title='bbox 408 1025 502 1094; x_wconf 90' lang='lat' dir='ltr'><strong>credi</strong></span> <span class='ocrx_word' id='word_1_49' title='bbox 524 1047 593 1092; x_wconf 91' lang='lat' dir='ltr'><strong>non</strong></span> <span class='ocrx_word' id='word_1_50' title='bbox 608 1024 742 1112; x_wconf 82' lang='lat' dir='ltr'><strong>debuit,</strong></span> <span class='ocrx_word' id='word_1_51' title='bbox 768 1026 965 1118; x_wconf 88' lang='lat' dir='ltr'><strong>praesertim</strong></span> <span class='ocrx_word' id='word_1_52' title='bbox 984 1025 1020 1094; x_wconf 91' lang='lat' dir='ltr'><strong>iu</strong></span> <span class='ocrx_word' id='word_1_53' title='bbox 1039 1046 1096 1113; x_wconf 86' lang='lat' dir='ltr'><strong>re,</strong></span> <span class='ocrx_word' id='word_1_54' title='bbox 1122 1047 1215 1114; x_wconf 90' lang='lat' dir='ltr'><strong>quae</strong></span> <span class='ocrx_word' id='word_1_55' title='bbox 1233 1024 1288 1092; x_wconf 86' lang='lat' dir='ltr'><strong>vel</strong></span> <span class='ocrx_word' id='word_1_56' title='bbox 1303 1045 1368 1116; x_wconf 87' lang='lat' dir='ltr'><strong>per</strong></span> 
     </span>
     <span class='ocr_line' id='line_1_8' title="bbox 249 1126 1369 1220; baseline -0.003 -22"><span class='ocrx_word' id='word_1_57' title='bbox 249 1152 286 1198; x_wconf 84' lang='lat' dir='ltr'><strong>se</strong></span> <span class='ocrx_word' id='word_1_58' title='bbox 305 1149 427 1220; x_wconf 83' lang='lat' dir='ltr'><strong>parurn</strong></span> <span class='ocrx_word' id='word_1_59' title='bbox 439 1126 610 1198; x_wconf 89' lang='lat' dir='ltr'><strong>credibilis</strong></span> <span class='ocrx_word' id='word_1_60' title='bbox 626 1138 720 1197; x_wconf 89' lang='lat' dir='ltr'><strong>esset.</strong></span> <span class='ocrx_word' id='word_1_61' title='bbox 773 1128 867 1213; x_wconf 81' lang='lat' dir='ltr'><strong>Quid</strong></span> <span class='ocrx_word' id='word_1_62' title='bbox 887 1127 993 1198; x_wconf 81' lang='lat' dir='ltr'><strong>vero?</strong></span> <span class='ocrx_word' id='word_1_63' title='bbox 1017 1149 1060 1196; x_wconf 90' lang='lat' dir='ltr'><strong>an</strong></span> <span class='ocrx_word' id='word_1_64' title='bbox 1081 1137 1154 1196; x_wconf 90' lang='lat' dir='ltr'><strong>tum</strong></span> <span class='ocrx_word' id='word_1_65' title='bbox 1173 1149 1311 1217; x_wconf 91' lang='lat' dir='ltr'><strong>quoque</strong></span> <span class='ocrx_word' id='word_1_66' title='bbox 1336 1127 1369 1195; x_wconf 90' lang='lat' dir='ltr'><strong>ci</strong></span> 
     </span>
     <span class='ocr_line' id='line_1_9' title="bbox 249 1228 1368 1321; baseline -0.003 -21"><span class='ocrx_word' id='word_1_67' title='bbox 249 1228 356 1300; x_wconf 85' lang='lat' dir='ltr'><strong>fldem</strong></span> <span class='ocrx_word' id='word_1_68' title='bbox 379 1230 595 1314; x_wconf 83' lang='lat' dir='ltr'><strong>habebimus,</strong></span> <span class='ocrx_word' id='word_1_69' title='bbox 627 1253 733 1321; x_wconf 88' lang='lat' dir='ltr'><strong>quum</strong></span> <span class='ocrx_word' id='word_1_70' title='bbox 757 1232 859 1315; x_wconf 85' lang='lat' dir='ltr'><strong>alios,</strong></span> <span class='ocrx_word' id='word_1_71' title='bbox 893 1241 927 1300; x_wconf 93' lang='lat' dir='ltr'><strong>et</strong></span> <span class='ocrx_word' id='word_1_72' title='bbox 953 1231 1092 1321; x_wconf 88' lang='lat' dir='ltr'><strong>quidem</strong></span> <span class='ocrx_word' id='word_1_73' title='bbox 1116 1232 1275 1320; x_wconf 86' lang='lat' dir='ltr'><strong>antiquos·</strong></span> <span class='ocrx_word' id='word_1_74' title='bbox 1300 1229 1368 1297; x_wconf 91' lang='lat' dir='ltr'><strong>do-</strong></span> 
     </span>
     <span class='ocr_line' id='line_1_10' title="bbox 250 1334 1367 1428; baseline -0.004 -23"><span class='ocrx_word' id='word_1_75' title='bbox 250 1340 392 1424; x_wconf 86' lang='lat' dir='ltr'><strong>ctosque</strong></span> <span class='ocrx_word' id='word_1_76' title='bbox 415 1335 671 1428; x_wconf 78' lang='lat' dir='ltr'><strong>grammaticos,</strong></span> <span class='ocrx_word' id='word_1_77' title='bbox 695 1335 799 1404; x_wconf 90' lang='lat' dir='ltr'><strong>immo</strong></span> <span class='ocrx_word' id='word_1_78' title='bbox 817 1334 1026 1426; x_wconf 82' lang='lat' dir='ltr'><strong>Aeschylum</strong></span> <span class='ocrx_word' id='word_1_79' title='bbox 1044 1334 1171 1424; x_wconf 89' lang='lat' dir='ltr'><strong>ipsum,</strong></span> <span class='ocrx_word' id='word_1_80' title='bbox 1198 1334 1367 1403; x_wconf 86' lang='lat' dir='ltr'><strong>contraria</strong></span> 
     </span>
     <span class='ocr_line' id='line_1_11' title="bbox 248 1437 1368 1530; baseline 0.002 -26"><span class='ocrx_word' id='word_1_81' title='bbox 248 1438 398 1530; x_wconf 86' lang='lat' dir='ltr'><strong>prodere</strong></span> <span class='ocrx_word' id='word_1_82' title='bbox 417 1437 700 1530; x_wconf 79' lang='lat' dir='ltr'><strong>cognoverimus?</strong></span> <span class='ocrx_word' id='word_1_83' title='bbox 725 1438 831 1522; x_wconf 80' lang='lat' dir='ltr'><strong>Quod</strong></span> <span class='ocrx_word' id='word_1_84' title='bbox 845 1439 901 1508; x_wconf 90' lang='lat' dir='ltr'><strong>vel</strong></span> <span class='ocrx_word' id='word_1_85' title='bbox 920 1438 1113 1509; x_wconf 89' lang='lat' dir='ltr'><strong>coniectura</strong></span> <span class='ocrx_word' id='word_1_86' title='bbox 1130 1440 1261 1527; x_wconf 79' lang='lat' dir='ltr'><strong>assequi</strong></span> <span class='ocrx_word' id='word_1_87' title='bbox 1281 1437 1368 1506; x_wconf 86' lang='lat' dir='ltr'><strong>lice-</strong></span> 
     </span>
     <span class='ocr_line' id='line_1_12' title="bbox 248 1540 1367 1633; baseline -0.003 -24"><span class='ocrx_word' id='word_1_88' title='bbox 248 1541 328 1627; x_wconf 89' lang='lat' dir='ltr'><strong>bat,</strong></span> <span class='ocrx_word' id='word_1_89' title='bbox 353 1543 665 1633; x_wconf 69' lang='lat' dir='ltr'><strong>Agamemnonem,</strong></span> <span class='ocrx_word' id='word_1_90' title='bbox 695 1540 941 1633; x_wconf 88' lang='lat' dir='ltr'><strong>Choephoros,</strong></span> <span class='ocrx_word' id='word_1_91' title='bbox 972 1549 1006 1610; x_wconf 92' lang='lat' dir='ltr'><strong>et</strong></span> <span class='ocrx_word' id='word_1_92' title='bbox 1019 1540 1243 1625; x_wconf 81' lang='lat' dir='ltr'><strong>Eumenides,</strong></span> <span class='ocrx_word' id='word_1_93' title='bbox 1267 1540 1367 1608; x_wconf 90' lang='lat' dir='ltr'><strong>simul</strong></span> 
     </span>
     <span class='ocr_line' id='line_1_13' title="bbox 248 1644 1367 1737; baseline 0 -26"><span class='ocrx_word' id='word_1_94' title='bbox 248 1645 283 1712; x_wconf 91' lang='lat' dir='ltr'><strong>in</strong></span> <span class='ocrx_word' id='word_1_95' title='bbox 303 1666 438 1712; x_wconf 89' lang='lat' dir='ltr'><strong>scenam</strong></span> <span class='ocrx_word' id='word_1_96' title='bbox 459 1644 644 1735; x_wconf 81' lang='lat' dir='ltr'><strong>productas</strong></span> <span class='ocrx_word' id='word_1_97' title='bbox 668 1666 755 1730; x_wconf 87' lang='lat' dir='ltr'><strong>esse,</strong></span> <span class='ocrx_word' id='word_1_98' title='bbox 787 1646 825 1713; x_wconf 95' lang='lat' dir='ltr'><strong>id</strong></span> <span class='ocrx_word' id='word_1_99' title='bbox 845 1645 967 1715; x_wconf 88' lang='lat' dir='ltr'><strong>diserte</strong></span> <span class='ocrx_word' id='word_1_100' title='bbox 991 1644 1168 1713; x_wconf 83' lang='lat' dir='ltr'><strong>confirmat</strong></span> <span class='ocrx_word' id='word_1_101' title='bbox 1193 1665 1367 1737; x_wconf 89' lang='lat' dir='ltr'><strong>gramma-</strong></span> 
     </span>
     <span class='ocr_line' id='line_1_14' title="bbox 247 1745 1365 1840; baseline 0 -26"><span class='ocrx_word' id='word_1_102' title='bbox 247 1748 350 1832; x_wconf 83' lang='lat' dir='ltr'><strong>ticus,</strong></span> <span class='ocrx_word' id='word_1_103' title='bbox 377 1747 436 1836; x_wconf 90' lang='lat' dir='ltr'><strong>qui</strong></span> <span class='ocrx_word' id='word_1_104' title='bbox 449 1748 582 1840; x_wconf 88' lang='lat' dir='ltr'><strong>scripsit</strong></span> <span class='ocrx_word' id='word_1_105' title='bbox 594 1758 831 1840; x_wconf 83' lang='lat' dir='ltr'><strong>argumentum</strong></span> <span class='ocrx_word' id='word_1_106' title='bbox 846 1748 1121 1840; x_wconf 81' lang='lat' dir='ltr'><strong>Agamemnonis,</strong></span> <span class='ocrx_word' id='word_1_107' title='bbox 1147 1745 1365 1838; x_wconf 84' lang='lat' dir='ltr'><strong>Olympiadis</strong></span> 
     </span>
     <span class='ocr_line' id='line_1_15' title="bbox 248 1849 1365 1940; baseline 0.003 -21"><span class='ocrx_word' id='word_1_108' title='bbox 248 1849 348 1919; x_wconf 89' lang='lat' dir='ltr'><strong>etiam</strong></span> <span class='ocrx_word' id='word_1_109' title='bbox 367 1872 545 1919; x_wconf 90' lang='lat' dir='ltr'><strong>numerum</strong></span> <span class='ocrx_word' id='word_1_110' title='bbox 561 1873 771 1940; x_wconf 91' lang='lat' dir='ltr'><strong>annumque,</strong></span> <span class='ocrx_word' id='word_1_111' title='bbox 797 1861 831 1920; x_wconf 91' lang='lat' dir='ltr'><strong>et</strong></span> <span class='ocrx_word' id='word_1_112' title='bbox 855 1871 979 1919; x_wconf 90' lang='lat' dir='ltr'><strong>nomen</strong></span> <span class='ocrx_word' id='word_1_113' title='bbox 1002 1850 1173 1920; x_wconf 87' lang='lat' dir='ltr'><strong>archontis</strong></span> <span class='ocrx_word' id='word_1_114' title='bbox 1194 1850 1365 1922; x_wconf 90' lang='lat' dir='ltr'><strong>adiiciens.</strong></span> 
     </span>
     <span class='ocr_line' id='line_1_16' title="bbox 247 1951 1371 2046; baseline 0 -26"><span class='ocrx_word' id='word_1_115' title='bbox 247 1951 354 2038; x_wconf 80' lang='lat' dir='ltr'><strong>Quod</strong></span> <span class='ocrx_word' id='word_1_116' title='bbox 381 1953 410 2022; x_wconf 91' lang='lat' dir='ltr'><strong>si</strong></span> <span class='ocrx_word' id='word_1_117' title='bbox 434 1976 541 2043; x_wconf 89' lang='lat' dir='ltr'><strong>usque</strong></span> <span class='ocrx_word' id='word_1_118' title='bbox 572 1954 618 2022; x_wconf 91' lang='lat' dir='ltr'><strong>ad</strong></span> <span class='ocrx_word' id='word_1_119' title='bbox 647 1954 853 2036; x_wconf 88' lang='lat' dir='ltr'><strong>Eumenides</strong></span> <span class='ocrx_word' id='word_1_120' title='bbox 875 1953 1117 2046; x_wconf 84' lang='lat' dir='ltr'><strong>quinquaginta</strong></span> <span class='ocrx_word' id='word_1_121' title='bbox 1146 1962 1240 2022; x_wconf 89' lang='lat' dir='ltr'><strong>eraut</strong></span> <span class='ocrx_word' id='word_1_122' title='bbox 1268 1953 1371 2034; x_wconf 27' lang='lat' dir='ltr'><strong>chori·</strong></span> 
     </span>
     <span class='ocr_line' id='line_1_17' title="bbox 245 2055 1365 2150; baseline -0.001 -26"><span class='ocrx_word' id='word_1_123' title='bbox 245 2077 430 2147; x_wconf 87' lang='lat' dir='ltr'><strong>personae,</strong></span> <span class='ocrx_word' id='word_1_124' title='bbox 455 2055 600 2126; x_wconf 85' lang='lat' dir='ltr'><strong>totidem</strong></span> <span class='ocrx_word' id='word_1_125' title='bbox 625 2057 724 2126; x_wconf 88' lang='lat' dir='ltr'><strong>etiam</strong></span> <span class='ocrx_word' id='word_1_126' title='bbox 747 2057 782 2124; x_wconf 91' lang='lat' dir='ltr'><strong>in</strong></span> <span class='ocrx_word' id='word_1_127' title='bbox 807 2058 1067 2150; x_wconf 81' lang='lat' dir='ltr'><strong>Agamemnone</strong></span> <span class='ocrx_word' id='word_1_128' title='bbox 1086 2058 1186 2126; x_wconf 79' lang='lat' dir='ltr'><strong>luisse</strong></span> <span class='ocrx_word' id='word_1_129' title='bbox 1207 2079 1271 2149; x_wconf 90' lang='lat' dir='ltr'><strong>par</strong></span> <span class='ocrx_word' id='word_1_130' title='bbox 1299 2065 1365 2124; x_wconf 71' lang='lat' dir='ltr'><strong>esta</strong></span> 
     </span>
     <span class='ocr_line' id='line_1_18' title="bbox 246 2160 1365 2250; baseline -0.003 -22"><span class='ocrx_word' id='word_1_131' title='bbox 246 2160 397 2228; x_wconf 90' lang='lat' dir='ltr'><strong>nondum</strong></span> <span class='ocrx_word' id='word_1_132' title='bbox 418 2160 508 2227; x_wconf 87' lang='lat' dir='ltr'><strong>enim</strong></span> <span class='ocrx_word' id='word_1_133' title='bbox 526 2161 595 2228; x_wconf 89' lang='lat' dir='ltr'><strong>lata</strong></span> <span class='ocrx_word' id='word_1_134' title='bbox 612 2169 683 2228; x_wconf 87' lang='lat' dir='ltr'><strong>erat</strong></span> <span class='ocrx_word' id='word_1_135' title='bbox 702 2160 760 2229; x_wconf 80' lang='lat' dir='ltr'><strong>lex</strong></span> <span class='ocrx_word' id='word_1_136' title='bbox 778 2161 856 2246; x_wconf 91' lang='lat' dir='ltr'><strong>ista,</strong></span> <span class='ocrx_word' id='word_1_137' title='bbox 884 2162 912 2228; x_wconf 91' lang='lat' dir='ltr'><strong>si</strong></span> <span class='ocrx_word' id='word_1_138' title='bbox 930 2183 1091 2250; x_wconf 88' lang='lat' dir='ltr'><strong>umquam</strong></span> <span class='ocrx_word' id='word_1_139' title='bbox 1111 2161 1181 2229; x_wconf 88' lang='lat' dir='ltr'><strong>lata</strong></span> <span class='ocrx_word' id='word_1_140' title='bbox 1204 2168 1270 2245; x_wconf 88' lang='lat' dir='ltr'><strong>est,</strong></span> <span class='ocrx_word' id='word_1_141' title='bbox 1297 2181 1365 2250; x_wconf 87' lang='lat' dir='ltr'><strong>qua</strong></span> 
     </span>
     <span class='ocr_line' id='line_1_19' title="bbox 245 2262 1366 2356; baseline -0.002 -24"><span class='ocrx_word' id='word_1_142' title='bbox 245 2262 442 2352; x_wconf 90' lang='lat' dir='ltr'><strong>quindecim</strong></span> <span class='ocrx_word' id='word_1_143' title='bbox 457 2285 527 2332; x_wconf 85' lang='lat' dir='ltr'><strong>esse</strong></span> <span class='ocrx_word' id='word_1_144' title='bbox 542 2263 744 2333; x_wconf 88' lang='lat' dir='ltr'><strong>iuberentur.</strong></span> <span class='ocrx_word' id='word_1_145' title='bbox 795 2263 922 2334; x_wconf 83' lang='lat' dir='ltr'><strong>Contra</strong></span> <span class='ocrx_word' id='word_1_146' title='bbox 937 2266 1045 2334; x_wconf 91' lang='lat' dir='ltr'><strong>siiam</strong></span> <span class='ocrx_word' id='word_1_147' title='bbox 1059 2262 1094 2332; x_wconf 92' lang='lat' dir='ltr'><strong>in</strong></span> <span class='ocrx_word' id='word_1_148' title='bbox 1106 2267 1366 2356; x_wconf 85' lang='lat' dir='ltr'><strong>Agamemnone</strong></span> 
     </span>
     <span class='ocr_line' id='line_1_20' title="bbox 245 2364 1365 2459; baseline -0.002 -23"><span class='ocrx_word' id='word_1_149' title='bbox 245 2365 372 2436; x_wconf 85' lang='lat' dir='ltr'><strong>choma</strong></span> <span class='ocrx_word' id='word_1_150' title='bbox 398 2389 418 2434; x_wconf 92' lang='lat' dir='ltr'><strong>e</strong></span> <span class='ocrx_word' id='word_1_151' title='bbox 438 2364 634 2455; x_wconf 87' lang='lat' dir='ltr'><strong>quindecim</strong></span> <span class='ocrx_word' id='word_1_152' title='bbox 654 2367 806 2459; x_wconf 87' lang='lat' dir='ltr'><strong>personis</strong></span> <span class='ocrx_word' id='word_1_153' title='bbox 825 2371 1014 2453; x_wconf 87' lang='lat' dir='ltr'><strong>constabat,</strong></span> <span class='ocrx_word' id='word_1_154' title='bbox 1047 2390 1115 2436; x_wconf 91' lang='lat' dir='ltr'><strong>non</strong></span> <span class='ocrx_word' id='word_1_155' title='bbox 1137 2368 1242 2437; x_wconf 90' lang='lat' dir='ltr'><strong>modo</strong></span> <span class='ocrx_word' id='word_1_156' title='bbox 1268 2388 1365 2435; x_wconf 90' lang='lat' dir='ltr'><strong>eum·</strong></span> 
     </span>
     <span class='ocr_line' id='line_1_21' title="bbox 246 2469 1365 2562; baseline 0 -24"><span class='ocrx_word' id='word_1_157' title='bbox 246 2469 327 2539; x_wconf 86' lang='lat' dir='ltr'><strong>dem</strong></span> <span class='ocrx_word' id='word_1_158' title='bbox 347 2469 383 2538; x_wconf 90' lang='lat' dir='ltr'><strong>iu</strong></span> <span class='ocrx_word' id='word_1_159' title='bbox 401 2469 628 2539; x_wconf 88' lang='lat' dir='ltr'><strong>Eumenidmn</strong></span> <span class='ocrx_word' id='word_1_160' title='bbox 650 2469 759 2541; x_wconf 90' lang='lat' dir='ltr'><strong>choro</strong></span> <span class='ocrx_word' id='word_1_161' title='bbox 787 2491 965 2542; x_wconf 88' lang='lat' dir='ltr'><strong>numerum</strong></span> <span class='ocrx_word' id='word_1_162' title='bbox 985 2472 1085 2541; x_wconf 82' lang='lat' dir='ltr'><strong>fuisse</strong></span> <span class='ocrx_word' id='word_1_163' title='bbox 1104 2471 1285 2562; x_wconf 88' lang='lat' dir='ltr'><strong>probabile</strong></span> <span class='ocrx_word' id='word_1_164' title='bbox 1305 2477 1365 2554; x_wconf 86' lang='lat' dir='ltr'><strong>est,</strong></span> 
     </span>
     <span class='ocr_line' id='line_1_22' title="bbox 244 2568 1366 2661; baseline -0.001 -20"><span class='ocrx_word' id='word_1_165' title='bbox 244 2571 306 2641; x_wconf 87' lang='lat' dir='ltr'><strong>sed</strong></span> <span class='ocrx_word' id='word_1_166' title='bbox 333 2568 470 2642; x_wconf 85' lang='lat' dir='ltr'><strong>necesse</strong></span> <span class='ocrx_word' id='word_1_167' title='bbox 500 2581 550 2641; x_wconf 89' lang='lat' dir='ltr'><strong>est</strong></span> <span class='ocrx_word' id='word_1_168' title='bbox 573 2574 693 2661; x_wconf 88' lang='lat' dir='ltr'><strong>etiam,</strong></span> <span class='ocrx_word' id='word_1_169' title='bbox 726 2574 812 2642; x_wconf 82' lang='lat' dir='ltr'><strong>falsa</strong></span> <span class='ocrx_word' id='word_1_170' title='bbox 840 2577 992 2645; x_wconf 88' lang='lat' dir='ltr'><strong>retulisse</strong></span> <span class='ocrx_word' id='word_1_171' title='bbox 1012 2575 1201 2643; x_wconf 90' lang='lat' dir='ltr'><strong>Pollucem.</strong></span> <span class='ocrx_word' id='word_1_172' title='bbox 1260 2571 1366 2661; x_wconf 91' lang='lat' dir='ltr'><strong>Atqui</strong></span> 
     </span>
     <span class='ocr_line' id='line_1_23' title="bbox 245 2672 1366 2768; baseline -0.003 -23"><span class='ocrx_word' id='word_1_173' title='bbox 245 2672 441 2745; x_wconf 82' lang='lat' dir='ltr'><strong>scholiastes</strong></span> <span class='ocrx_word' id='word_1_174' title='bbox 452 2674 688 2767; x_wconf 88' lang='lat' dir='ltr'><strong>Aristophanis</strong></span> <span class='ocrx_word' id='word_1_175' title='bbox 704 2678 749 2745; x_wconf 93' lang='lat' dir='ltr'><strong>ad</strong></span> <span class='ocrx_word' id='word_1_176' title='bbox 770 2677 910 2768; x_wconf 86' lang='lat' dir='ltr'><strong>Equites</strong></span> <span class='ocrx_word' id='word_1_177' title='bbox 925 2702 957 2747; x_wconf 82' lang='lat' dir='ltr'><strong>v.</strong></span> <span class='ocrx_word' id='word_1_178' title='bbox 972 2673 1058 2744; x_wconf 82' lang='lat'><strong>586.</strong></span> <span class='ocrx_word' id='word_1_179' title='bbox 1078 2697 1183 2764; x_wconf 91' lang='lat' dir='ltr'><strong>quum</strong></span> <span class='ocrx_word' id='word_1_180' title='bbox 1198 2673 1366 2742; x_wconf 82' lang='lat' dir='ltr'><strong>ostendis-</strong></span> 
     </span>
     <span class='ocr_line' id='line_1_24' title="bbox 231 2776 1363 2873; baseline 0 -28"><span class='ocrx_word' id='word_1_181' title='bbox 231 2786 312 2863; x_wconf 86' lang='lat' dir='ltr'><strong>set,</strong></span> <span class='ocrx_word' id='word_1_182' title='bbox 338 2779 508 2847; x_wconf 87' lang='lat' dir='ltr'><strong>comicum</strong></span> <span class='ocrx_word' id='word_1_183' title='bbox 525 2778 670 2848; x_wconf 89' lang='lat' dir='ltr'><strong>chorum</strong></span> <span class='ocrx_word' id='word_1_184' title='bbox 691 2803 851 2873; x_wconf 85' lang='lat' dir='ltr'><strong>personas</strong></span> <span class='ocrx_word' id='word_1_185' title='bbox 865 2779 1021 2851; x_wconf 86' lang='lat' dir='ltr'><strong>habuisse</strong></span> <span class='ocrx_word' id='word_1_186' title='bbox 1035 2778 1168 2864; x_wconf 85' lang='lat' dir='ltr'><strong>XXIV,</strong></span> <span class='ocrx_word' id='word_1_187' title='bbox 1193 2779 1282 2847; x_wconf 90' lang='lat' dir='ltr'><strong>haec</strong></span> <span class='ocrx_word' id='word_1_188' title='bbox 1298 2776 1363 2845; x_wconf 88' lang='lat' dir='ltr'><strong>ad-</strong></span> 
     </span>
     <span class='ocr_line' id='line_1_25' title="bbox 245 2878 1365 2978; baseline -0.004 -26"><span class='ocrx_word' id='word_1_189' title='bbox 245 2878 360 2948; x_wconf 84' lang='lat' dir='ltr'><strong>dlt.‘</strong></span> <span class='ocrx_word' id='word_1_190' title='bbox 338 2881 420 2953; x_wconf 74' lang='lat' dir='ltr'><strong>ota·</strong></span> <span class='ocrx_word' id='word_1_191' title='bbox 441 2907 609 2978; x_wconf 73' lang='lat' dir='ltr'><strong>rpoream</strong></span> <span class='ocrx_word' id='word_1_192' title='bbox 638 2883 753 2969; x_wconf 75' lang='lat' dir='ltr'><strong>aea&#39;,‘</strong></span> <span class='ocrx_word' id='word_1_193' title='bbox 725 2911 769 2964; x_wconf 82' lang='grc' dir='ltr'><strong>ως</strong></span> <span class='ocrx_word' id='word_1_194' title='bbox 792 2879 975 2974; x_wconf 79' lang='grc' dir='ltr'><strong><em>Αἰσχύλος</em></strong></span> <span class='ocrx_word' id='word_1_195' title='bbox 995 2879 1258 2975; x_wconf 74' lang='grc' dir='ltr'>Ἀγαμέμνονι</span> <span class='ocrx_word' id='word_1_196' title='bbox 1316 2883 1365 2950; x_wconf 83' lang='lat' dir='ltr'><strong>At</strong></span> 
     </span>
     <span class='ocr_line' id='line_1_26' title="bbox 217 2982 1363 3076; baseline 0.001 -25"><span class='ocrx_word' id='word_1_197' title='bbox 217 2983 330 3075; x_wconf 76' lang='lat' dir='ltr'><strong>oquid</strong></span> <span class='ocrx_word' id='word_1_198' title='bbox 347 2993 396 3051; x_wconf 90' lang='lat' dir='ltr'><strong>est</strong></span> <span class='ocrx_word' id='word_1_199' title='bbox 416 2982 510 3054; x_wconf 81' lang='lat' dir='ltr'><strong>hoc?</strong></span> <span class='ocrx_word' id='word_1_200' title='bbox 536 2985 608 3055; x_wconf 87' lang='lat' dir='ltr'><strong>Cur</strong></span> <span class='ocrx_word' id='word_1_201' title='bbox 620 2986 835 3055; x_wconf 89' lang='lat' dir='ltr'><strong>scholiastes</strong></span> <span class='ocrx_word' id='word_1_202' title='bbox 826 3008 860 3053; x_wconf 91' lang='grc' dir='ltr'><strong>ιιι</strong></span> <span class='ocrx_word' id='word_1_203' title='bbox 874 3009 928 3072; x_wconf 90' lang='lat' dir='ltr'><strong>re,</strong></span> <span class='ocrx_word' id='word_1_204' title='bbox 955 3007 1043 3074; x_wconf 89' lang='lat' dir='ltr'><strong>quae</strong></span> <span class='ocrx_word' id='word_1_205' title='bbox 1058 2983 1207 3053; x_wconf 88' lang='lat' dir='ltr'><strong>omnium</strong></span> <span class='ocrx_word' id='word_1_206' title='bbox 1222 2994 1363 3076; x_wconf 82' lang='lat' dir='ltr'><strong>tragoe-</strong></span> 
     </span>
     <span class='ocr_line' id='line_1_27' title="bbox 194 3087 1364 3177; baseline -0.001 -21.954"><span class='ocrx_word' id='word_1_207' title='bbox 194 3087 378 3156; x_wconf 88' lang='lat' dir='ltr'><strong>diarum</strong></span> <span class='ocrx_word' id='word_1_208' title='bbox 400 3091 587 3157; x_wconf 86' lang='lat' dir='ltr'><strong>communia</strong></span> <span class='ocrx_word' id='word_1_209' title='bbox 608 3097 699 3175; x_wconf 87' lang='lat' dir='ltr'><strong>erat,</strong></span> <span class='ocrx_word' id='word_1_210' title='bbox 732 3089 777 3157; x_wconf 92' lang='lat' dir='ltr'><strong>ad</strong></span> <span class='ocrx_word' id='word_1_211' title='bbox 799 3087 890 3157; x_wconf 90' lang='lat' dir='ltr'><strong>hanc</strong></span> <span class='ocrx_word' id='word_1_212' title='bbox 911 3087 1065 3158; x_wconf 83' lang='lat' dir='ltr'><strong>fabulam</strong></span> <span class='ocrx_word' id='word_1_213' title='bbox 1086 3090 1223 3175; x_wconf 89' lang='lat' dir='ltr'><strong>maluit,</strong></span> <span class='ocrx_word' id='word_1_214' title='bbox 1259 3107 1364 3177; x_wconf 88' lang='lat' dir='ltr'><strong>qnam</strong></span> 
     </span>
     <span class='ocr_line' id='line_1_28' title="bbox 243 3190 1362 3294; baseline -0.001 -36"><span class='ocrx_word' id='word_1_215' title='bbox 243 3190 290 3259; x_wconf 87' lang='lat' dir='ltr'><strong>ad</strong></span> <span class='ocrx_word' id='word_1_216' title='bbox 312 3191 428 3260; x_wconf 88' lang='lat' dir='ltr'><strong>omries</strong></span> <span class='ocrx_word' id='word_1_217' title='bbox 452 3192 664 3283; x_wconf 84' lang='lat' dir='ltr'><strong>provocare?</strong></span> <span class='ocrx_word' id='word_1_218' title='bbox 700 3191 867 3261; x_wconf 89' lang='lat' dir='ltr'><strong>Stanleius</strong></span> <span class='ocrx_word' id='word_1_219' title='bbox 890 3191 935 3260; x_wconf 92' lang='lat' dir='ltr'><strong>ad</strong></span> <span class='ocrx_word' id='word_1_220' title='bbox 958 3193 1106 3262; x_wconf 90' lang='lat' dir='ltr'><strong>indicem</strong></span> <span class='ocrx_word' id='word_1_221' title='bbox 1132 3213 1362 3294; x_wconf 80' lang='lat' dir='ltr'><strong>personarum,</strong></span> 
     </span>
     <span class='ocr_line' id='line_1_29' title="bbox 243 3295 1362 3386; baseline -0.003 -24"><span class='ocrx_word' id='word_1_222' title='bbox 243 3315 332 3384; x_wconf 90' lang='lat' dir='ltr'><strong>quae</strong></span> <span class='ocrx_word' id='word_1_223' title='bbox 356 3305 431 3362; x_wconf 92' lang='lat' dir='ltr'><strong>sunt</strong></span> <span class='ocrx_word' id='word_1_224' title='bbox 451 3299 486 3364; x_wconf 87' lang='lat' dir='ltr'><strong>in</strong></span> <span class='ocrx_word' id='word_1_225' title='bbox 498 3297 775 3386; x_wconf 86' lang='lat' dir='ltr'><strong>Agamemnone,</strong></span> <span class='ocrx_word' id='word_1_226' title='bbox 802 3296 989 3365; x_wconf 86' lang='lat' dir='ltr'><strong>cavendum</strong></span> <span class='ocrx_word' id='word_1_227' title='bbox 1007 3297 1106 3381; x_wconf 89' lang='lat' dir='ltr'><strong>dicit,</strong></span> <span class='ocrx_word' id='word_1_228' title='bbox 1131 3321 1174 3364; x_wconf 92' lang='lat' dir='ltr'><strong>ne</strong></span> <span class='ocrx_word' id='word_1_229' title='bbox 1189 3295 1261 3385; x_wconf 88' lang='lat' dir='ltr'><strong>quis</strong></span> <span class='ocrx_word' id='word_1_230' title='bbox 1277 3314 1362 3384; x_wconf 75' lang='lat' dir='ltr'><strong>per-</strong></span> 
     </span>
     <span class='ocr_line' id='line_1_30' title="bbox 244 3396 1363 3488; baseline -0.002 -22"><span class='ocrx_word' id='word_1_231' title='bbox 244 3419 342 3466; x_wconf 90' lang='lat' dir='ltr'><strong>sonas</strong></span> <span class='ocrx_word' id='word_1_232' title='bbox 362 3397 428 3466; x_wconf 84' lang='lat' dir='ltr'><strong>XV</strong></span> <span class='ocrx_word' id='word_1_233' title='bbox 452 3420 494 3467; x_wconf 87' lang='lat' dir='ltr'><strong>ex</strong></span> <span class='ocrx_word' id='word_1_234' title='bbox 520 3398 602 3488; x_wconf 84' lang='lat' dir='ltr'><strong>lege</strong></span> <span class='ocrx_word' id='word_1_235' title='bbox 621 3397 723 3467; x_wconf 84' lang='lat' dir='ltr'><strong>fuisse</strong></span> <span class='ocrx_word' id='word_1_236' title='bbox 741 3407 856 3488; x_wconf 88' lang='lat' dir='ltr'><strong>putet,</strong></span> <span class='ocrx_word' id='word_1_237' title='bbox 894 3398 1171 3488; x_wconf 88' lang='lat' dir='ltr'><strong>quandoquidem</strong></span> <span class='ocrx_word' id='word_1_238' title='bbox 1194 3396 1282 3465; x_wconf 91' lang='lat' dir='ltr'><strong>haec</strong></span> <span class='ocrx_word' id='word_1_239' title='bbox 1305 3396 1363 3465; x_wconf 84' lang='lat' dir='ltr'><strong>lex</strong></span> 
     </span>
     <span class='ocr_line' id='line_1_31' title="bbox 242 3499 1362 3594; baseline -0.001 -25"><span class='ocrx_word' id='word_1_240' title='bbox 242 3511 362 3594; x_wconf 91' lang='lat' dir='ltr'><strong>postea</strong></span> <span class='ocrx_word' id='word_1_241' title='bbox 384 3500 523 3569; x_wconf 89' lang='lat' dir='ltr'><strong>demum</strong></span> <span class='ocrx_word' id='word_1_242' title='bbox 545 3502 613 3568; x_wconf 85' lang='lat' dir='ltr'><strong>lata</strong></span> <span class='ocrx_word' id='word_1_243' title='bbox 632 3501 682 3568; x_wconf 89' lang='lat' dir='ltr'><strong>sit.</strong></span> <span class='ocrx_word' id='word_1_244' title='bbox 733 3504 779 3570; x_wconf 92' lang='lat' dir='ltr'><strong>At</strong></span> <span class='ocrx_word' id='word_1_245' title='bbox 798 3502 845 3568; x_wconf 87' lang='lat' dir='ltr'><strong>ita</strong></span> <span class='ocrx_word' id='word_1_246' title='bbox 868 3510 1012 3594; x_wconf 89' lang='lat' dir='ltr'><strong>augetur</strong></span> <span class='ocrx_word' id='word_1_247' title='bbox 1027 3501 1128 3570; x_wconf 89' lang='lat' dir='ltr'><strong>etiam</strong></span> <span class='ocrx_word' id='word_1_248' title='bbox 1144 3501 1193 3570; x_wconf 89' lang='lat' dir='ltr'><strong>rei</strong></span> <span class='ocrx_word' id='word_1_249' title='bbox 1210 3499 1362 3571; x_wconf 84' lang='lat' dir='ltr'><strong>difficul-</strong></span> 
     </span>
     <span class='ocr_line' id='line_1_32' title="bbox 243 3603 1362 3694; baseline -0.004 -20"><span class='ocrx_word' id='word_1_250' title='bbox 243 3615 304 3678; x_wconf 87' lang='lat' dir='ltr'><strong>tas.</strong></span> <span class='ocrx_word' id='word_1_251' title='bbox 362 3603 500 3672; x_wconf 87' lang='lat' dir='ltr'><strong>Nam</strong></span> <span class='ocrx_word' id='word_1_252' title='bbox 476 3626 504 3672; x_wconf 75' lang='grc' dir='ltr'><strong>ιι</strong></span> <span class='ocrx_word' id='word_1_253' title='bbox 521 3603 568 3672; x_wconf 90' lang='lat' dir='ltr'><strong>ita</strong></span> <span class='ocrx_word' id='word_1_254' title='bbox 596 3603 793 3673; x_wconf 81' lang='lat' dir='ltr'><strong>existimaiit</strong></span> <span class='ocrx_word' id='word_1_255' title='bbox 815 3605 998 3691; x_wconf 89' lang='lat' dir='ltr'><strong>Stanleius,</strong></span> <span class='ocrx_word' id='word_1_256' title='bbox 1031 3613 1107 3673; x_wconf 89' lang='lat' dir='ltr'><strong>ante</strong></span> <span class='ocrx_word' id='word_1_257' title='bbox 1126 3604 1225 3673; x_wconf 89' lang='lat' dir='ltr'><strong>istam</strong></span> <span class='ocrx_word' id='word_1_258' title='bbox 1246 3606 1362 3694; x_wconf 88' lang='lat' dir='ltr'><strong>legem</strong></span> 
     </span>
     <span class='ocr_line' id='line_1_33' title="bbox 243 3706 1363 3802; baseline -0.003 -26"><span class='ocrx_word' id='word_1_259' title='bbox 243 3707 455 3776; x_wconf 87' lang='lat' dir='ltr'><strong>arbitrarium</strong></span> <span class='ocrx_word' id='word_1_260' title='bbox 470 3706 569 3777; x_wconf 83' lang='lat' dir='ltr'><strong>luisse</strong></span> <span class='ocrx_word' id='word_1_261' title='bbox 579 3730 798 3799; x_wconf 88' lang='lat' dir='ltr'><strong>personarum</strong></span> <span class='ocrx_word' id='word_1_262' title='bbox 813 3731 1001 3794; x_wconf 89' lang='lat' dir='ltr'><strong>numemm,</strong></span> <span class='ocrx_word' id='word_1_263' title='bbox 1026 3708 1247 3802; x_wconf 88' lang='lat' dir='ltr'><strong>ineptissimus</strong></span> <span class='ocrx_word' id='word_1_264' title='bbox 1260 3706 1363 3774; x_wconf 82' lang='lat' dir='ltr'><strong>luerit</strong></span> 
     </span>
     <span class='ocr_line' id='line_1_34' title="bbox 242 3801 1361 3906; baseline -0.001 -28"><span class='ocrx_word' id='word_1_265' title='bbox 242 3811 306 3878; x_wconf 88' lang='lat' dir='ltr'><strong>iste</strong></span> <span class='ocrx_word' id='word_1_266' title='bbox 328 3801 522 3881; x_wconf 83' lang='lat' dir='ltr'><strong>scholiastes</strong></span> <span class='ocrx_word' id='word_1_267' title='bbox 544 3833 680 3881; x_wconf 85' lang='lat' dir='ltr'><strong>necesse</strong></span> <span class='ocrx_word' id='word_1_268' title='bbox 704 3820 770 3897; x_wconf 84' lang='lat' dir='ltr'><strong>est,</strong></span> <span class='ocrx_word' id='word_1_269' title='bbox 810 3813 869 3901; x_wconf 92' lang='lat' dir='ltr'><strong>qui</strong></span> <span class='ocrx_word' id='word_1_270' title='bbox 892 3813 1087 3906; x_wconf 86' lang='lat' dir='ltr'><strong>exemplum</strong></span> <span class='ocrx_word' id='word_1_271' title='bbox 1109 3833 1151 3879; x_wconf 86' lang='lat' dir='ltr'><strong>ex</strong></span> <span class='ocrx_word' id='word_1_272' title='bbox 1171 3811 1211 3880; x_wconf 88' lang='lat' dir='ltr'><strong>iis</strong></span> <span class='ocrx_word' id='word_1_273' title='bbox 1238 3809 1361 3878; x_wconf 86' lang='lat' dir='ltr'><strong>fabulis</strong></span> 
     </span>
     <span class='ocr_line' id='line_1_35' title="bbox 242 3911 1360 4008; baseline 0.002 -30"><span class='ocrx_word' id='word_1_274' title='bbox 242 3911 394 4008; x_wconf 87' lang='lat' dir='ltr'><strong>petierit,</strong></span> <span class='ocrx_word' id='word_1_275' title='bbox 426 3915 461 3983; x_wconf 91' lang='lat' dir='ltr'><strong>in</strong></span> <span class='ocrx_word' id='word_1_276' title='bbox 484 3913 604 4004; x_wconf 90' lang='lat' dir='ltr'><strong>quibus</strong></span> <span class='ocrx_word' id='word_1_277' title='bbox 623 3936 692 3982; x_wconf 91' lang='lat' dir='ltr'><strong>non</strong></span> <span class='ocrx_word' id='word_1_278' title='bbox 720 3923 792 3983; x_wconf 88' lang='lat' dir='ltr'><strong>erat</strong></span> <span class='ocrx_word' id='word_1_279' title='bbox 816 3915 971 3984; x_wconf 87' lang='lat' dir='ltr'><strong>delinitus</strong></span> <span class='ocrx_word' id='word_1_280' title='bbox 998 3925 1173 3986; x_wconf 90' lang='lat' dir='ltr'><strong>cantorum</strong></span> <span class='ocrx_word' id='word_1_281' title='bbox 1192 3935 1360 3998; x_wconf 89' lang='lat' dir='ltr'><strong>numerus,</strong></span> 
     </span>
     <span class='ocr_line' id='line_1_36' title="bbox 242 4013 1361 4110; baseline 0.001 -27"><span class='ocrx_word' id='word_1_282' title='bbox 242 4038 313 4084; x_wconf 92' lang='lat' dir='ltr'><strong>non</strong></span> <span class='ocrx_word' id='word_1_283' title='bbox 334 4039 375 4084; x_wconf 88' lang='lat' dir='ltr'><strong>ex</strong></span> <span class='ocrx_word' id='word_1_284' title='bbox 394 4013 501 4104; x_wconf 90' lang='lat' dir='ltr'><strong>his,</strong></span> <span class='ocrx_word' id='word_1_285' title='bbox 492 4037 527 4086; x_wconf 89' lang='grc' dir='ltr'><strong>ιιι</strong></span> <span class='ocrx_word' id='word_1_286' title='bbox 548 4018 668 4110; x_wconf 89' lang='lat' dir='ltr'><strong>quibus</strong></span> <span class='ocrx_word' id='word_1_287' title='bbox 687 4015 781 4086; x_wconf 91' lang='lat' dir='ltr'><strong>idem</strong></span> <span class='ocrx_word' id='word_1_288' title='bbox 802 4017 862 4087; x_wconf 94' lang='lat' dir='ltr'><strong>ille</strong></span> <span class='ocrx_word' id='word_1_289' title='bbox 880 4040 1054 4103; x_wconf 86' lang='lat' dir='ltr'><strong>numerus,</strong></span> <span class='ocrx_word' id='word_1_290' title='bbox 1081 4039 1183 4108; x_wconf 90' lang='lat' dir='ltr'><strong>quern</strong></span> <span class='ocrx_word' id='word_1_291' title='bbox 1207 4039 1361 4089; x_wconf 90' lang='lat' dir='ltr'><strong>comme-</strong></span> 
     </span>
     <span class='ocr_line' id='line_1_37' title="bbox 243 4118 1360 4214; baseline -0.002 -26"><span class='ocrx_word' id='word_1_292' title='bbox 243 4125 370 4205; x_wconf 85' lang='lat' dir='ltr'><strong>morat,</strong></span> <span class='ocrx_word' id='word_1_293' title='bbox 411 4129 449 4188; x_wconf 93' lang='lat' dir='ltr'><strong>ut</strong></span> <span class='ocrx_word' id='word_1_294' title='bbox 475 4119 556 4212; x_wconf 87' lang='lat' dir='ltr'><strong>lege</strong></span> <span class='ocrx_word' id='word_1_295' title='bbox 579 4122 791 4207; x_wconf 89' lang='lat' dir='ltr'><strong>constitutus,</strong></span> <span class='ocrx_word' id='word_1_296' title='bbox 824 4143 959 4214; x_wconf 90' lang='lat' dir='ltr'><strong>semper</strong></span> <span class='ocrx_word' id='word_1_297' title='bbox 979 4121 1043 4190; x_wconf 91' lang='lat' dir='ltr'><strong>sibi</strong></span> <span class='ocrx_word' id='word_1_298' title='bbox 1062 4122 1246 4193; x_wconf 88' lang='lat' dir='ltr'><strong>constabat.</strong></span> <span class='ocrx_word' id='word_1_299' title='bbox 1295 4118 1360 4186; x_wconf 87' lang='lat' dir='ltr'><strong>lli-</strong></span> 
     </span>
     <span class='ocr_line' id='line_1_38' title="bbox 244 4223 1358 4319; baseline -0.002 -30"><span class='ocrx_word' id='word_1_300' title='bbox 244 4244 351 4316; x_wconf 82' lang='lat' dir='ltr'><strong>gnum</strong></span> <span class='ocrx_word' id='word_1_301' title='bbox 379 4231 429 4291; x_wconf 85' lang='lat' dir='ltr'><strong>est</strong></span> <span class='ocrx_word' id='word_1_302' title='bbox 457 4223 613 4293; x_wconf 90' lang='lat' dir='ltr'><strong>scholion</strong></span> <span class='ocrx_word' id='word_1_303' title='bbox 635 4224 741 4310; x_wconf 85' lang='lat' dir='ltr'><strong>istud,</strong></span> <span class='ocrx_word' id='word_1_304' title='bbox 779 4224 875 4313; x_wconf 89' lang='lat' dir='ltr'><strong>quod</strong></span> <span class='ocrx_word' id='word_1_305' title='bbox 899 4225 1091 4319; x_wconf 84' lang='lat' dir='ltr'><strong>diligentius</strong></span> <span class='ocrx_word' id='word_1_306' title='bbox 1119 4223 1358 4296; x_wconf 90' lang='lat' dir='ltr'><strong>consideretur.</strong></span> 
     </span>
    </p>
   </div>
   <div class='ocr_carea' id='block_1_3' title="bbox 243 4319 1359 4428">
    <p class='ocr_par' dir='ltr' id='par_1_3' title="bbox 243 4319 1359 4428">
     <span class='ocr_line' id='line_1_39' title="bbox 243 4319 1359 4428; baseline 0.001 -32"><span class='ocrx_word' id='word_1_307' title='bbox 243 4325 370 4397; x_wconf 82' lang='lat' dir='ltr'><strong>Scribit</strong></span> <span class='ocrx_word' id='word_1_308' title='bbox 391 4327 630 4420; x_wconf 84' lang='lat' dir='ltr'><strong>grammaticus</strong></span> <span class='ocrx_word' id='word_1_309' title='bbox 650 4329 713 4410; x_wconf 86' lang='lat' dir='ltr'><strong>ita3</strong></span> <span class='ocrx_word' id='word_1_310' title='bbox 746 4333 783 4401; x_wconf 88' lang='grc' dir='ltr'><strong>οἱ</strong></span> <span class='ocrx_word' id='word_1_311' title='bbox 804 4319 874 4427; x_wconf 67' lang='lat' dir='ltr'><strong>reip</strong></span> <span class='ocrx_word' id='word_1_312' title='bbox 899 4328 964 4426; x_wconf 77' lang='grc' dir='ltr'><strong>τῆς</strong></span> <span class='ocrx_word' id='word_1_313' title='bbox 991 4325 1145 4428; x_wconf 70' lang='grc' dir='ltr'><em>ἀρχαίας</em></span> <span class='ocrx_word' id='word_1_314' title='bbox 1171 4323 1359 4422; x_wconf 69' lang='grc' dir='ltr'>κωμῳδίαι</span> 
     </span>
    </p>
   </div>
   <div class='ocr_carea' id='block_1_4' title="bbox 0 0 1544 5026">
    <p class='ocr_par' dir='ltr' id='par_1_4' title="bbox 0 0 1544 5026">
     <span class='ocr_line' id='line_1_40' title="bbox 0 0 1544 5026; baseline 0 3"><span class='ocrx_word' id='word_1_315' title='bbox 0 0 1544 5026; x_wconf 95' lang='lat' dir='ltr'><strong> </strong></span> 
     </span>
    </p>
   </div>
  </div>
 </body>
</html>
