3078 5026
283 397 346 459 rsa
421 391 481 453 nu
508 390 672 454 cuono
700 389 992 456 nvunrrnvu
1019 351 1253 456 nr'scnrrr

283 591 343 647 νος
358 565 403 634 de
423 562 477 632 his
491 561 613 632 fabulis
631 563 888 658 intelligendum
908 565 968 649 sit,
994 587 1077 655 quas
1096 563 1285 654 Aeschylus
1307 585 1394 634 non-

282 671 365 738 dum
387 666 529 736 Athenis
549 666 716 738 edidisset.
772 669 937 737 Neutrum
966 691 1009 736 ne
1037 667 1235 736 levissimam
1256 669 1415 758 quidem·

281 772 430 865 speciem
443 771 514 839 veri
532 769 647 840 habet.
699 772 850 840 Primdm
872 771 960 839 enim
981 771 1055 859 quis
1077 771 1210 854 credat,
1236 771 1264 837 si
1278 781 1396 866 pater-

281 878 331 944 nis
355 873 539 965 tragoediis
568 871 772 965 Euphorion
794 872 933 966 Olymp.
962 874 1166 942 LXXXVII.
1196 873 1293 959 vicit,
1326 895 1396 942 non

281 975 503 1068 Aeschylum,
528 973 587 1045 sed
603 976 860 1069 Euphorionem
880 979 1042 1046 victorem
1055 977 1282 1048 renunciatum
1300 971 1395 1046 csse?

281 1082 389 1168 Quin,
438 1081 466 1146 si
497 1081 652 1148 omnibns
688 1080 758 1150 hoc
788 1081 949 1151 credibile
972 1080 1157 1166 videretur,
1203 1089 1294 1149 certe
1321 1083 1395 1172 ipse

279 1182 478 1254 Boeckhins
511 1203 581 1250 non
611 1191 747 1273 poterat
778 1185 827 1252 ita
862 1184 992 1252 sentire.
1047 1185 1135 1252 Nam
1183 1183 1210 1251 si
1253 1181 1394 1274 Olymp.
1523 1261 1524 1286 χ

279 1285 484 1356 LXXXVII.
508 1284 766 1377 Euphorionem
786 1307 852 1378 pro
875 1284 1048 1376 Aeschylo
1069 1285 1300 1370 renunciatum
1326 1310 1394 1378 pu·
1523 1361 1524 1366 ς

280 1399 347 1477 tat,
396 1389 572 1478 quomodo
605 1388 692 1457 illud
726 1390 922 1482 explicabit,
966 1388 1077 1479 qnod,
1119 1411 1224 1478 quum
1252 1388 1393 1481 Olymp.

280 1493 418 1563 LXXX.
453 1489 595 1560 Orestea
621 1492 665 1560 ab
694 1492 817 1561 eodem
842 1491 1066 1583 Euphorione
1086 1494 1141 1560 vel
1164 1493 1232 1560 alio
1256 1515 1297 1560 ex
1321 1494 1394 1561 Ae·

281 1595 391 1686 schyli
408 1593 553 1678 familia,
579 1595 713 1685 seipse
734 1597 907 1686 opinatur,
932 1595 1123 1665 introducta
1142 1607 1246 1680 esset,
1270 1617 1340 1664 non
1356 1597 1394 1679 is,

281 1700 340 1788 qui
360 1718 436 1767 eam
456 1696 658 1783 introduxit,
688 1697 749 1766 sed
774 1698 964 1789 Aeschylus
981 1700 1089 1769 victor
1106 1697 1294 1791 perhibitus
1319 1698 1395 1767 est?

280 1805 360 1870 Non
388 1801 554 1892 ambiguis
584 1800 673 1868 enhn
699 1802 809 1870 verbis
837 1802 871 1869 in
898 1812 1097 1895 argumento
1131 1802 1396 1894 Agamemnonis
1524 1779 1525 1844 l

281 1905 442 1996 scriptum
456 1913 523 1989 est,
549 1903 690 1998 ’πρῶτος
714 1898 905 1995 Αἰσχύλος.
956 1907 1003 1974 Et
1025 1905 1161 1972 omuino
1179 1905 1292 1972 sinon
1311 1905 1394 1974 scri-

170 2033 173 2036 ·
280 2007 592 2102 pter-fabularum,
637 2005 696 2074 sed
730 2008 789 2095 qui
816 2031 871 2076 eas
898 2017 1034 2077 mortuo
1056 2007 1113 2076 vel
1133 2010 1268 2076 absente
1290 2017 1395 2099 poeta

281 2111 531 2196 committebat,
563 2127 628 2200 pro
647 2110 775 2179 victore
797 2109 930 2178 habitus
956 2119 1060 2196 esset,
1099 2111 1159 2199 qui
1186 2111 1324 2179 tandem
1349 2111 1395 2179 de
1525 2149 1526 2160 ι

280 2213 453 2305 Aeschylo
472 2214 586 2281 dicere
605 2215 768 2302 potuisset
788 2213 832 2300 is,
859 2214 1040 2302 quiritem
1062 2213 1131 2282 eius
1152 2215 1302 2304 scripsit,
1330 2210 1394 2288 οὐκ

282 2314 403 2413 ὀλίγας
419 2317 456 2390 δὲ
480 2315 539 2388 καὶ
563 2309 660 2408 μεταλ
676 2310 743 2413 τήν
764 2309 936 2414 τελευτήν
950 2315 1048 2398 νίκας
1062 2313 1312 2412 depra'yacao?
1337 2328 1395 2384 aut

279 2419 523 2491 Philostratus
514 2442 549 2487 rn
568 2415 636 2486 vita
647 2419 838 2542 Apollonii
839 2419 897 2487 VI.
915 2420 975 2494 ll
991 2444 1028 2511 p.
1044 2415 1131 2493 245
1159 2417 1250 2492 ὅθεν
1269 2415 1394 2514 Aac·

280 2532 380 2600 ναῖοι
400 2525 541 2648 πατέρα
563 2518 700 2614 μὲν
653 2549 768 2594 αυνον
790 2521 854 2618 τῆς
875 2521 1122 2642 spo'ypdt'cc‘
1099 2521 1272 2644 αἰνοῦντα,
1307 2516 1394 2594 ἐνά-

281 2631 369 2700 λσνν
393 2627 432 2698 δὲ
447 2653 507 2696 ναι
500 2623 742 2696 ‘cadrocino'
724 2651 758 2703 ες
775 2620 975 2698 Διονύσια·
1001 2653 1049 2697 να
1071 2650 1140 2752 pop
1166 2649 1232 2696 του
1219 2619 1394 2713 Αἰσχύ-

280 2735 345 2800 λου
373 2725 634 2825 ψηφισαμένων
661 2719 935 2813 ἀνεδιδάσκετο,
977 2727 1038 2799 καὶ
1067 2725 1166 2800 ἐνίκα
1195 2730 1233 2798 ἐιι
1261 2726 1394 2822 καινῆς

280 2829 435 2919 Denique
457 2827 584 2895 Snidae
604 2828 726 2911 verba,
754 2827 807 2909 οἷς
820 2824 928 2925 μήπω
949 2825 993 2924 ἦν
1016 2823 1301 2921 ἐπιδειξάμενος,
1335 2829 1396 2895 nisi

281 2932 355 3021 quis
377 2953 418 3000 ea
430 2930 594 2998 violenter
608 2929 674 2997 alio
690 2929 892 3020 detorquere
903 2933 1004 3018 velit,
1029 2953 1098 2998 non
1109 2939 1248 3020 possunt
1268 2930 1331 2996 nisi
1350 2929 1396 3000 de

188 3031 323 3104 2liis
345 3033 469 3104 fabulis
497 3031 656 3124 intelligi,
686 3043 771 3122 quas
796 3035 1003 3126 Aeschylus,
1036 3033 1118 3102 dum
1141 3031 1284 3117 viveret,
1326 3033 1397 3101 sive

282 3138 418 3207 omniuo
439 3134 588 3204 nondum
614 3135 781 3223 ediderat,
807 3137 876 3206 sive
892 3138 1042 3208 nondum
1059 3134 1269 3204 commiserat
1283 3133 1396 3204 Athe·

281 3242 349 3325 nis,
375 3263 480 3330 quum
502 3261 558 3308 cas
579 3239 614 3306 in
634 3239 750 3309 Sicilia
769 3240 945 3310 docuisset.
996 3241 1043 3308 Et
1066 3240 1105 3308 id
1128 3259 1171 3308 eo
1184 3238 1315 3308 ‚certius
1335 3247 1394 3324 est,

282 3365 351 3435 qno
373 3343 491 3412 melius
515 3342 669 3411 convenit
696 3365 774 3414 cum
803 3343 939 3412 illorum
963 3343 1159 3410 testimoniis
1181 3342 1394 3432 scriptorum,

281 3449 340 3537 qni
360 3445 492 3516 fabulas
512 3443 675 3534 Aeschyli
700 3447 801 3514 etiam
824 3457 901 3538 post
929 3454 1082 3513 mortem-
1101 3446 1172 3512 eins
1198 3444 1233 3510 in
1260 3465 1395 3512 scenam

281 3551 465 3644 productas
490 3570 560 3640 essa
581 3547 735 3617 tradunt:
769 3548 980 3640 exquibus
970 3547 1140 3638 inprimis
1161 3545 1232 3616 huc
1250 3549 1395 3637 pertinet

248 3667 251 3674 '
281 3655 369 3724 vitae
379 3631 562 3780 scriptor,
612 3651 704 3722 cuins
732 3651 822 3723 haec
846 3655 950 3722 verba
980 3659 1071 3720 sunt·
1116 3645 1317 3748 Ἀθηναῖοι
1356 3648 1395 3723 di

281 3782 461 3832 τοσοντον
489 3749 690 3876 ἠγάπησαν
705 3747 910 3846 Αἰσχύλον,
954 3751 1000 3835 oia
1036 3750 1305 3876 pentocostes
1296 3779 1392 3845 μετα

281 3852 449 3938 devoror
474 3854 610 3944 αυτοῦ,
642 3881 710 3930 ιον
730 3851 954 3954 βουλόμενον
971 3858 1153 3930 catastas
1176 3879 1225 3926 τα
1249 3847 1394 3946 Αἰσχύ-

281 3963 348 4032 λου
368 3954 502 4057 χρυσὸν
503 3951 731 4053 λαμβάνειν

383 4160 437 4229 Ex
451 4161 521 4250 his,
547 4187 636 4254 quae
649 4163 812 4233 hactenus
828 4160 996 4252 disputata
1012 4167 1105 4246 sunt,
1130 4159 1215 4250 quid
1232 4158 1395 4228 conficia-

279 4272 351 4349 tur,
378 4274 532 4353 apertum
546 4277 605 4335 est.
655 4267 744 4336 Nam
765 4263 1014 4355 siAeschylum
1029 4285 1140 4352 neque
1153 4261 1316 4331 tredecim
1330 4283 1395 4328 au-
1469 4309 1472 4320 .

280 4389 341 4437 nos
358 4367 559 4436 mansissem
572 4369 704 4454 Sicilia,
728 4390 792 4437 nec
806 4365 938 4436 fabulas
958 4389 1033 4435 suas
1047 4368 1218 4436 absentem
1233 4386 1295 4456 per
1311 4363 1397 4434 alios
1466 4401 1469 4408 v

215 4502 231 4514 ὓ,
