3058 5046
131 345 138 368 ⁸
267 367 330 432 no
379 365 431 428 na
451 361 711 482 nrmorpcn
733 325 973 427 onisconvn
995 364 1271 442 mrrovrssma
1401 359 1404 364 ·

367 537 542 608 Postremo
563 535 677 606 stabili
693 537 864 608 connubio
879 535 1019 608 Femina
1040 535 1103 606 sibi
1124 523 1229 606 inm'rit
1241 535 1385 637 Ἥρην,

264 643 506 734 Populoniam,
536 663 579 708 er
596 638 806 736 ιηιιίιἯβη,Ι
838 642 995 726 Inventa,
1016 637 1148 737 Ἄρης,
1175 641 1235 730 qui
1254 641 1387 710 Roma-

134 749 136 756 '
264 748 315 814 nis
340 745 519 830 Mavors,
540 744 681 812 fortasse
712 767 733 811 a
761 745 855 812 rnalo
875 740 1076 829 avertendo,
1109 753 1143 810 et
1172 743 1386 835 Εἰλείθυια,

263 849 413 933 Venilia,
440 871 542 936 quam
566 843 714 916 Romani
736 848 900 917 Lucinam
920 848 1052 933 dicunt,
1078 847 1157 914 nati.
1207 848 1298 916 Nam
1314 848 1388 918 fer-

264 973 327 1020 vor
345 944 471 1035 vitaliS,
496 950 589 1040 isque
612 960 725 1020 mente
746 960 780 1018 et
804 952 943 1020 consilio
959 950 1149 1045 praeditur,
1183 959 1216 1016 et
1239 960 1278 1018 ut
1300 952 1388 1018 ado-

262 1056 390 1124 lescant
406 1053 576 1139 homines,
602 1053 702 1137 facit',
725 1063 759 1120 et
778 1065 816 1122 ut
837 1056 941 1146 pleno
965 1056 1088 1123 robore
1104 1051 1272 1138 fruantur,
1300 1064 1334 1122 et
1349 1064 1387 1123 ιιι

265 1167 373 1251 genus
390 1151 486 1225 suuni
500 1158 562 1226 rite
578 1147 782 1254 propagent.

217 1335 259 1396 21
368 1329 493 1403 Postea
514 1329 672 1415 Pervius,
698 1349 804 1417 quum
822 1327 971 1424 Μῆτιν,
1005 1325 1168 1410 Consam,
1194 1324 1284 1415 quae
1306 1349 1387 1418 gra-

186 1465 188 1472 *
263 1431 342 1500 vida
365 1456 406 1502 er
426 1433 501 1524 ipso
523 1434 649 1532 inerat,
677 1431 917 1515 denotavisset,
944 1453 985 1498 er
1002 1433 1115 1523 capite
1129 1451 1189 1496 suo
1209 1430 1323 1497 enixus
1339 1441 1387 1499 ert

261 1529 447 1634 Ἀθήνην,
474 1536 666 1621 Nelactam,
692 1535 818 1604 dictam
833 1535 877 1601 ab
900 1553 963 1622 eo,
988 1533 1084 1623 quod
1103 1533 1193 1602 lacte
1209 1554 1278 1600 non
1301 1545 1388 1603 esset

262 1643 395 1708 nutrita.
447 1641 535 1707 Nam
560 1661 647 1729 quae
667 1638 843 1730 perhanc
863 1639 1092 1729 significantur
1114 1647 1201 1703 artos
1224 1637 1387 1706 domesti-

264 1764 344 1825 cae,
376 1743 543 1827 forenses,
575 1742 748 1827 bellicae,
775 1741 875 1810 virilis
895 1743 1023 1832 ingenii
1045 1740 1194 1810 sollertia
1217 1749 1385 1830 repertae,

264 1853 297 1912 et
311 1845 385 1914 fere
398 1845 546 1913 virorum
564 1847 726 1937 propriae
738 1855 822 1912 sunt.
876 1845 974 1928 Quae
993 1846 1087 1933 qnod
1104 1865 1172 1910 non
1187 1843 1257 1910 sine
1271 1844 1383 1912 'multa
1434 1897 1437 1900 -

263 1949 468 2038 cogitatione
493 1951 663 2032 inventae,
695 1948 930 2042 Τριτογένεια
953 1947 1029 2032 illa,
1063 1948 1272 2037 Tortigena,
1299 1947 1384 2017 dici-

261 2059 326 2118 tur.
379 2051 540 2120 Similiter
563 2053 664 2120 etiam
677 2051 800 2146 Ἥρη,
830 2050 1039 2140 Populonia,
1066 2053 1136 2120 sine
1162 2051 1282 2118 marito
1302 2073 1383 2141 par·
1470 2049 1471 2052 ’

261 2162 335 2222 ιιιιιι
357 2152 483 2238 edidit,
515 2155 574 2246 qui
589 2164 727 2224 vocatus
752 2163 800 2222 est
812 2150 1048 2246 Ἥφαιστος,
1082 2180 1102 2224 a
1121 2154 1233 2220 verbis
1253 2151 1382 2226 ἅπτειν

264 2267 297 2324 et
310 2255 452 2346 ἄϊστος,
479 2260 573 2348 qnod
589 2259 704 2350 ignem
727 2279 767 2325 ex
784 2257 918 2326 occulto
936 2245 1067 2325 excitet.
1116 2257 1149 2324 ls
1167 2267 1277 2325 autem
1299 2266 1384 2325 artes

258 2359 480 2451 ignobiliores
504 2372 538 2429 et
562 2361 767 2430 sordidiores
788 2359 928 2428 indicat:
961 2359 1052 2430 unde
1080 2360 1208 2428 Latinis
1236 2384 1257 2427 a
1277 2361 1383 2452 vulgo

262 2464 433 2534 Vulcanus
456 2463 574 2535 (lictus.
626 2465 717 2534 Hinc
746 2463 904 2548 clauduS,
945 2451 1196 2557 proptereaque
1220 2487 1241 2530 a
1260 2463 1382 2532 Fervio

263 2591 282 2634 e
307 2569 403 2636 caelo
427 2566 575 2638 deiectus
595 2569 629 2636 in
650 2568 826 2662 Λῆμνον,
854 2566 1027 2658 Capuam,
1062 2591 1082 2652 a
1109 2575 1277 2658 concepto
1302 2571 1383 2660 igue

263 2671 481 2760 appellatam.

313 2842 316 2856 '
364 2841 540 2932 Neptunus
555 2850 668 2908 autem
683 2864 725 2909 ex
740 2837 984 2938 Ἀμφιτρίτῃ,
1010 2841 1220 2940 Amfractua,
1246 2842 1383 2933 suscipit

267 2940 454 3041 Τρίτωνα,
481 2945 691 3029 Tortunum,
718 2965 878 3032 quaeres
903 2946 1006 3034 plana
1028 2955 1083 3012 est.
1135 2945 1283 3013 Mavorti
1302 2969 1382 3012 vero

262 3046 482 3138 Spumicita,
504 3049 573 3116 sive
599 3046 825 3142 Ἀφροδίτη,
854 3043 979 3140 Φόβον
995 3056 1038 3141 et
1058 3049 1224 3140 Δεῖμον,
1250 3045 1383 3116 Terro-

260 3173 340 3218 rem
361 3159 397 3218 et
418 3151 610 3235 Timorem,
636 3158 757 3241 postea
777 3147 1002 3244 Ἁρμονίαν,
1035 3151 1251 3235 Faventiam,
1276 3151 1381 3242 parit3

260 3275 330 3342 quo
358 3273 426 3319 non
452 3254 630 3324 obscurum
662 3261 729 3337 est,
766 3253 931 3322 violentos
962 3277 1041 3324 cum
1067 3255 1206 3346 captivis
1231 3254 1381 3346 mulieri-

259 3357 324 3424 bus
351 3349 564 3443 concubitus,
605 3366 639 3424 et
678 3365 919 3445 consequutam
958 3357 1037 3426 inde
1076 3357 1380 3428 reconciliationem

243 3459 438 3554 -designari

363 3632 472 3701 Porro
495 3631 619 3702 Fervio
636 3627 762 3728 Μαίη,
789 3631 950 3717 Quaesia,
976 3632 1140 3717 Atlantis,
1165 3631 1187 3704 i.
1203 3653 1232 3700 e.
1253 3628 1378 3701 Sulleri

233 3735 347 3831 xlilia,
381 3731 561 3832 Ἑρμ,η”ν,«
585 3735 813 3824 Mercurium,
859 3735 1011 3827 peperit,
1051 3735 1146 3826 quod
1178 3735 1378 3824 quaerendis

204 3866 206 3878 ν
260 3837 368 3907 multo
392 3839 510 3916 labore
532 3840 653 3930 opibus
675 3839 880 3907 commercia
899 3840 1020 3908 iuncta.
1079 3832 1234 3931 Κάδμος
1267 3848 1377 3906 autem
1463 3917 1467 3936 ι

260 3947 296 4008 et
309 3937 494 4034 Ἀρμονιά
502 3998 516 4032 ,
551 3945 572 4011 i.
594 3966 623 4010 e.
643 3943 790 4010 lnstruus
810 3951 844 4009 et
862 3942 1043 4029 Faventia,
1077 3951 1213 4032 practer
1233 3942 1317 4009 alias
1335 3941 1377 4010 fi-

258 4042 340 4111 liam
352 4043 503 4115 habuere
521 4047 705 4142 Σεμέλην,
731 4044 951 4135 Solseqnam,
978 4067 1068 4136 quae
1088 4069 1109 4114 a
1132 4044 1243 4114 verbis
1258 4046 1386 4137 σέβειν

259 4154 294 4215 et
310 4149 371 4243 ἕλη
391 4148 909 4241 appellata‚·vitem-signilicat.
961 4146 1022 4218 Ex.
1042 4171 1084 4217 eo
1105 4148 1245 4218 Fervius
1269 4148 1377 4215 lilium

259 4249 377 4342 genuit
401 4239 609 4338 Διῶννσιιν,
648 4253 856 4339 Torculum,
895 4243 989 4322 cuius
1012 4251 1136 4322 nomen
1157 4277 1178 4320 a
1200 4250 1378 4341 praeposi-

257 4355 351 4422 tione
373 4347 436 4427 διιῖ
455 4363 490 4421 et
503 4353 617 4425 radice
631 4379 691 4442 ea,
715 4355 807 4425 unde
822 4354 925 4441 ὅννξ,
952 4355 1093 4428 ductum
1112 4356 1261 4436 videtum
1285 4353 1378 4422 unde
