3080 5054
277 385 342 451 Μ
382 380 433 443 DE
452 381 492 447 ll.
512 379 705 444 omnnio
725 379 893 457 mstvu
909 381 1094 444 comicus
1111 383 1293 446 TERENTll
1314 451 1317 462 ‚
1343 395 1350 400 '

277 553 360 640 aito,
392 549 552 625 adhunc
573 573 679 624 unum
699 551 879 622 referenda
896 551 1114 646 videbuntur:
1147 575 1189 623 ex
1209 575 1279 644 quo
1301 552 1396 627 haec

276 663 430 748 nasqetru
453 655 631 728 sententiat
662 655 689 724 si
711 654 794 728 huic
817 679 886 725 non
910 657 991 728 licet
1007 657 1126 726 iisdern
1151 658 1303 748 personis
1319 656 1392 746 uti,

182 797 183 806 ι
276 761 336 851 qui
349 759 458 853 magis
473 761 505 830 ei
516 761 597 834 licet
611 768 781 830 eumentes
796 781 908 830 servor
921 759 1094 831 scribere?
1119 759 1225 846 Quod
1237 761 1392 853 ineptum
1506 839 1511 848 ,

276 887 347 933 esse
368 872 526 956 apparet,
551 863 649 953 qnia,
673 861 757 953 quid
784 863 848 932 eibi
869 864 986 950 liceat,
1011 885 1081 934 non
1101 885 1164 932 suo
1183 863 1303 954 debet,
1328 863 1391 933 sed

199 999 206 1022 ι
276 965 420 1036 aliorum
450 965 599 1036 omnium
623 965 781 1058 exemplo
812 965 999 1036 ostendere.
1058 966 1276 1057 Quamquam
1300 965 1391 1036 haec

276 1092 413 1162 quoque
426 1069 628 1163 speciosior,
654 1091 758 1160 quam
777 1070 890 1139 verior
903 1071 1147 1163 argumentatio
1162 1071 1263 1140 loret.
1286 1069 1391 1139 Adeo

276 1174 365 1244 enim
387 1174 527 1264 planum
546 1180 611 1260 est,
644 1173 690 1242 de
711 1173 864 1243 omnibus
884 1172 994 1265 poetis
1014 1174 1073 1244 hio
1095 1195 1284 1250 sermonem
1306 1197 1390 1260 esse,

275 1286 330 1361 ut,
354 1277 425 1345 sive
448 1277 547 1362 huic,
572 1277 642 1346 sive
662 1276 745 1346 aliia
763 1279 912 1370 legatur,
937 1298 1038 1347 nemo
1057 1273 1146 1347 haec
1166 1279 1272 1346 verba
1292 1276 1391 1346 aliter

275 1379 318 1448 sit
333 1389 540 1472 accepturus.
590 1379 662 1450 Nisi
682 1380 799 1473 paullo
824 1382 948 1467 maior,
973 1379 1001 1448 si
1024 1382 1123 1466 aliis,
1148 1381 1250 1472 qnam
1263 1381 1292 1450 si
1307 1379 1391 1448 huic

273 1483 419 1576 legitur,
460 1483 625 1582 orationis
645 1494 697 1552 est
721 1484 869 1575 partium
894 1486 1134 1554 convenientia.
1192 1483 1264 1552 Sed
1289 1480 1389 1551 huius

146 1635 149 1644 .
275 1587 526 1657 convenientiae
546 1586 718 1680 neglectio
737 1595 885 1658 tamesi
910 1589 1051 1682 propria
1072 1586 1242 1656 familiaris
1258 1608 1391 1655 sermo·

273 1691 342 1774 nis,
376 1699 414 1757 ut
436 1699 589 1760 naturam
610 1690 680 1760 eius
705 1693 882 1760 contineat
932 1691 1052 1781 ltaque
1068 1692 1123 1759 vel
1142 1699 1284 1781 propter
1297 1689 1389 1760 banc

272 1793 381 1884 ipsam
402 1793 646 1885 negligentiam
668 1794 815 1862 dubitari
837 1802 967 1886 potest,
1002 1817 1045 1864 an
1065 1793 1327 1886 praeferendum
1349 1793 1391 1860 sit

227 1900 269 1964 21
276 1895 368 1964 huic.
419 1895 481 1964 Est
500 1919 584 1964 vero
601 1895 713 1980 aliud,
739 1896 835 1986 quod
852 1897 979 1966 mireris
999 1898 1207 1985 aBentleio‚
1231 1897 1289 1986 qui
1310 1895 1391 1963 dili-

274 1997 465 2091 gentissime
490 1996 578 2067 solet
597 1999 642 2066 ad
663 2022 818 2069 numeros
839 2000 1031 2085 attendere,
1055 2019 1215 2070 non'essc
1233 1997 1389 2068 animad-

273 2123 416 2172 versum.
464 2101 554 2170 Nam
568 2101 604 2170 in
616 2101 755 2194 vulgata
772 2104 936 2196 scriptura
950 2112 1043 2174 recte
1059 2103 1198 2194 quidem
1220 2113 1254 2172 et
1274 2101 1389 2172 isdem

274 2214 309 2275 et
322 2202 403 2274 aliia
420 2203 455 2272 in
468 2205 538 2274 ictu
559 2214 623 2290 ost,
648 2207 701 2276 rati
714 2216 829 2276 antem
840 2215 939 2276 'extra
956 2208 1077 2278 ictum:
1102 2206 1164 2276 sed
1183 2207 1256 2296 quis
1273 2215 1390 2274 tamen

148 2349 157 2370 .
271 2330 341 2400 non
357 2307 492 2395 sentiat,
520 2307 622 2378 valde
639 2309 847 2403 ineleganter
860 2309 931 2380 hoo
949 2311 1002 2380 uti
1019 2312 1066 2380 ita
1078 2334 1148 2380 esse
1169 2311 1388 2394 collocatum,

271 2419 329 2498 ut,
368 2432 473 2500 quum
497 2411 644 2480 secunda
666 2414 797 2503 syllaba
823 2413 982 2503 elidatur,
1009 2415 1135 2507 prima
1162 2422 1275 2482 autern
1308 2434 1389 2479 eum

270 2523 384 2584 teneat
403 2514 537 2602 locum,
569 2516 692 2604 inquo
714 2517 848 2586 brevius
867 2518 1082 2610 pronunciari
1104 2516 1246 2601 debeat,
1277 2521 1390 2609 totum

270 2619 412 2687 verbum
431 2639 545 2710 propo
567 2617 711 2710 effugiat
732 2629 767 2688 et
785 2621 839 2689 vix
859 2619 998 2709 aliquod
1021 2621 1072 2690 sui
1091 2619 1258 2709 relinquat
1284 2617 1390 2686 vesti-

271 2721 392 2814 gium?
417 2721 560 2807 Contra,
593 2723 690 2812 quod
710 2724 746 2790 in
765 2721 855 2791 libro
875 2723 1048 2793 Bembino
1070 2732 1142 2810 est,
1166 2723 1268 2814 plane
1282 2744 1390 2790 exau-

271 2823 336 2891 diri
355 2823 430 2890 sinit
453 2825 594 2894 verbum
614 2826 684 2911 uti,
717 2825 812 2916 qnod
833 2849 941 2912 nnnc,
972 2826 1034 2910 ubi
1060 2827 1126 2894 etti
1146 2829 1259 2910 abest,
1293 2833 1390 2893 recte

258 2923 331 2996 'sub
353 2925 459 2996 ictum
477 2929 625 3019 positum
642 2938 708 3013 est,
732 2930 933 3020 pronomine
953 2927 1049 3012 huic,
1075 2929 1126 2997 utl
1142 2927 1275 3011 debet,
1295 2926 1390 2995 deli-

267 3038 426 3102 tescente.
476 3031 588 3116 Quod·
607 3033 635 3100 si
658 3029 759 3098 huius
782 3031 860 3099 libri
872 3029 1035 3121 scriptura
1053 3029 1100 3097 ad
1121 3023 1295 3096 familiaris
1312 3031 1390 3097 serss

137 3155 142 3162 ·
269 3135 377 3204 monis
400 3134 681 3204 consuetudinem*
697 3134 799 3204 valde
821 3144 871 3203 est
890 3132 1169 3220 accommodata,
1194 3133 1243 3200 ad
1262 3151 1388 3201 nmnea·

267 3246 462 3306 rosentem
496 3240 597 3306 οιίιιιι
623 3227 812 3328 aliquanto,
852 3259 956 3328 quam
985 3237 1152 3330 vulgata,
1179 3225 1389 3327 elegantior:

269 3347 362 3410 recte
387 3339 538 3409 dubitari
556 3342 698 3433 poterit,
725 3363 769 3410 an
781 3342 824 3410 eit
836 3341 1071 3434 praeferenda.
1104 3337 1389 3428 Quemquamne

269 3444 439 3514 dubitatio·
460 3465 511 3512 eo
526 3445 663 3528 redeat,
688 3453 729 3512 nt·
748 3455 943 3535 quaeratur,
968 3453 1049 3513 utra
1063 3444 1167 3513 lectio
1187 3442 1329 3512 facilins»
1339 3443 1387 3510 ab

267 3548 503 3640 interpretibus
533 3569 582 3618 ac*
608 3547 750 3616 librariis
775 3547 948 3640 proticisci·
966 3547 1129 3640 potuerit,
1160 3565 1232 3616 non-
1258 3547 1386 3614 obscu-

268 3641 345 3721 rum
369 3676 439 3721 csse
457 3651 619 3737 arbitror,
658 3651 686 3720 ei
718 3653 801 3722 aliis
826 3653 995 3744 scripturire
1018 3650 1134 3720 foleset
1166 3645 1386 3733 anemurio,

268 3777 338 3823 non
361 3778 462 3848 posse
484 3754 820 3826 idoneam'caussam
849 3747 1007 3846 inueniri,
1038 3775 1152 3844 quare
1168 3753 1266 3843 qu'm,
1287 3751 1387 3842 qnod

269 3866 390 3949 sponte
409 3859 674 3950 intelligebatur,
702 3861 803 3928 etiant
827 3859 1032 3928 Terentium»
1048 3857 1108 3926 llis·
1127 3857 1205 3926 attir·
1225 3873 1403 3946 correpto-⁸

151 4033 153 4038 ,
267 3960 373 4029 hendi
398 3961 615 4030 adnotaverit
667 3961 718 4030 At
735 3961 947 4040 siilleltuic
969 3963 1166 4053 scripserat,
1205 3970 1239 4028 ct
1270 3969 1384 4028 tamen

267 4064 541 4152 insequentibus
570 4087 639 4133 non
671 4064 717 4134 de
749 4064 820 4136 lroo
845 4066 936 4152 solo,
968 4065 1029 4134 sed
1062 4064 1109 4132 de
1139 4063 1214 4131 aliis
1247 4081 1385 4152 quoquo
1420 4143 1422 4146 ¹

266 4165 377 4259 poetis
401 4169 555 4236 omnibus
580 4168 794 4258 loquebatur,
818 4178 912 4240 recta
935 4167 1386 4261 potuitlobservoti,1quunt

268 4269 351 4340 huie
364 4267 511 4355 diceret,
537 4273 674 4342 omnino
699 4295 786 4344 eum'
801 4274 994 4366 intelligere
1018 4281 1137 4366 poetas
1161 4271 1262 4358 alios,
1281 4289 1385 4360 qaam

267 4373 335 4464 qni
349 4371 418 4442 um
441 4371 593 4469 personis
616 4374 687 4448 illie
706 4377 768 4447 usi.
781 4377 927 4448 luissent.
1210 4408 1216 4418 ·
