3078 5026
499 334 810 399 mssultrlslo
839 338 874 397 ll.
1188 340 1251 406 ltt

137 509 183 578 tia
205 516 332 598 poetae
353 527 439 598 opus
465 507 622 578 habuisse
649 509 832 578 rideantur.
884 507 956 578 Sed
983 509 1039 580 iac
1064 508 1252 600 paralium

138 611 322 690 exhibitam
344 633 417 680 esse
435 610 627 682 Oresteam:
652 613 842 702 quaerimus
862 635 926 703 per
947 635 1134 701 quemnam.
1185 614 1253 682 Per

138 715 303 803 aliquem,
328 715 435 803 inquit
454 715 669 800 Boeckhius,
695 737 737 784 ex
756 713 920 803 Aeschyli
940 715 1086 800 familia,
1110 716 1252 785 sortasse

137 840 202 909 per
224 816 493 908 Euphorionem.
544 819 585 886 ln
611 816 680 888 hac
701 838 783 886 vero
805 840 844 887 re
868 818 1018 888 omniurn
1041 819 1185 887 maxime
1207 819 1252 886 ab
1346 865 1350 873 ι

140 943 182 991 eo
208 920 375 990 dissentio.
425 922 515 989 Nam
539 945 649 1012 neque
672 921 836 989 familiam
858 929 918 990 aut
942 930 1068 992 sectam
1090 918 1254 1010 Aeschyli

138 1045 300 1113 umquam
325 1023 425 1092 fuisse
447 1024 569 1111 credo,
600 1047 713 1114 neque
732 1024 897 1092 rationem
922 1025 1024 1093 rideo
1047 1025 1171 1109 ullam,
1207 1023 1256 1092 ob

138 1148 242 1218 quam
263 1125 478 1216 Euphorioui
500 1138 558 1196 ant
578 1128 779 1215 cuicumque
802 1127 859 1194 alii
877 1127 1066 1196 commissio
1091 1125 1254 1199 Oresteae

138 1231 241 1299 tribui
253 1230 376 1320 possit:
400 1229 511 1318 immo¹
527 1253 606 1318 ,eam
620 1232 663 1298 ab
684 1231 760 1322 ipso
777 1229 968 1319 Aeschylo,
993 1239 1066 1316 turn
1077 1237 1254 1322 praesente

140 1333 299 1420 Athenis,
319 1333 543 1404 introductam
562 1357 632 1404 esse
647 1333 827 1425 probabile
845 1333 997 1402 reddam.
1047 1334 1102 1402 De
1123 1332 1254 1402 familia

137 1437 200 1505 ista
224 1436 387 1526 Aeschyli
406 1437 510 1506 miror
529 1438 591 1506 sibi
618 1436 816 1529 persuasisse
835 1436 1050 1506 Boeckhium
1069 1446 1140 1504 tam
1157 1436 1300 1506 infir-18

140 1539 203 1610 mis
231 1541 445 1631 argumentis.
502 1540 729 1627 Quiuctiliauo
758 1538 916 1628 quidem,
941 1539 984 1610 X.
1011 1538 1053 1626 1,
1079 1537 1141 1608 ot.
1175 1559 1251 1607 cor-

137 1651 249 1710 rectas
274 1640 436 1733 Aeschyli
457 1642 589 1713 fabulas
610 1644 645 1711 iu
667 1651 838 1713 conamen
859 1643 992 1712 deferre
1013 1643 1255 1734 posterioribus

138 1745 250 1838 poetis
274 1745 473 1836 permissum
497 1747 541 1816 ab
570 1745 834 1816 Atheniensibus
859 1745 1001 1832 dicenti,
1042 1769 1112 1816 nou
1146 1744 1254 1814 modo

139 1848 250 1916 nullus
274 1847 495 1940 adstipulatur
515 1850 600 1918 alius
619 1851 778 1942 scriptor,
812 1850 872 1918 sed
892 1849 1031 1940 quidam
1059 1857 1176 1940 aperte
1198 1869 1255 1915 re·

138 1960 311 2044 pugnant,
337 1951 381 2022 de
404 1977 473 2043 qua
496 1976 535 2023 re
562 1953 645 2022 dixit
665 1956 735 2022 iam
766 1955 811 2023 ad
837 1953 1100 2038 Quinctilianum
1124 1952 1256 2020 Gesne-

140 2077 206 2122 rus.
258 2054 348 2140 Quin
367 2056 520 2149 Lycurgi
541 2057 680 2125 oratoris
700 2059 878 2148 rogatione
900 2056 1073 2126 decretum
1095 2056 1176 2139 fuit,
1201 2054 1257 2122 fa-

140 2158 239 2226 bulas
259 2158 446 2248 Aeschyli,
471 2157 673 2278 Sophoclis,
700 2169 734 2226 et
752 2159 943 2249 Euripidis,
976 2160 1115 2250 publica
1135 2165 1256 2224 aueo

80 2335 87 2344 .
139 2260 486 2351 ritntedescriptns,
476 2261 611 2350 inspici,
636 2262 720 2332 dum
744 2270 958 2353 agerentur,
966 2261 1117 2330 ascribe
1138 2258 1257 2328 cirita-

138 2363 197 2446 tis,
223 2386 267 2430 ne
283 2363 366 2449 quid
377 2363 555 2432 histriones
570 2385 630 2431 suo
645 2363 782 2432 arbitrio
798 2371 982 2446 mutarent,
1007 2372 1047 2431 ut
1057 2359 1258 2431 Plutarchus

138 2465 277 2534 refert
267 2487 303 2533 1n
327 2464 473 2536 vitisX.
495 2473 666 2534 oratorum
693 2464 840 2557 pall.
874 2464 1000 2534 Rhis
1026 2443 1153 2533 verbisr
1192 2455 1258 2541 roh

141 2564 360 2691 τοανςουδιας
361 2564 482 2644 αὐτοῖν
503 2573 542 2642 ἐν
559 2569 669 2664 κοινῷ
684 2570 939 2691 γραψαμένους
952 2561 1170 2662 φυλάττειν,
1197 2563 1257 2637 καὶ

34 2701 39 2712 ·
139 2696 207 2744 νον
225 2696 289 2766 της
311 2664 444 2753 πόλεως
463 2673 683 2766 γραμματέα
700 2664 1034 2793 παραναγινώσκειν
1058 2675 1135 2751 τοῖς
1159 2665 1256 2741 ὑπο-

142 2773 384 2867 κρινομένοις·
428 2771 492 2847 oo's
517 2779 648 2856 ἐξεῖναι
671 2800 741 2870 γαρ
763 2769 896 2856 αὐτους
921 2771 1185 2871 ὑποκρίνεσθαι
1207 2770 1257 2861 *.)

142 2874 250 2945 Recte
272 2874 332 2946 hic
356 2870 489 2956 αὐτους
512 2898 578 2967 pro
612 2872 727 2958 αὐτας
752 2877 925 2964 Reislrius,
960 2878 1020 2945 sed
1043 2877 1132 2946 male
1154 2875 1258 2942 iuter—

142 2986 287 3068 pretans.
323 2979 408 3048 Sunt
423 2981 512 3049 enim
527 2980 703 3050 histriones
725 2981 946 3074 intelligendi.
978 2981 1145 3068 Reliqua,
1170 3000 1259 3065 quae
1354 3017 1356 3022 ·

142 3080 337 3150 Boeckhius
352 3082 470 3168 affert,
496 3083 543 3151 ad
564 3077 649 3165 rode
669 3108 753 3179 περι
744 3077 979 3174 Αἰσχύλον,
1005 3105 1064 3170 (1111
1083 3105 1103 3149 8
1126 3080 1257 3148 d¹¹⁰b¹1³

141 3183 358 3273 scriptoribus
379 3185 553 3270 dicuntur,
580 3197 615 3254 et
635 3186 680 3253 ad
705 3207 764 3270 ea,
794 3208 884 3275 quae
898 3183 1020 3256 Suidas
1043 3185 1089 3252 de
1110 3182 1259 3275 Eupho-

141 3288 238 3354 rione
258 3289 379 3374 refert,
404 3289 556 3358 redeunt.
606 3287 791 3356 Videamus
806 3289 901 3358 locos
923 3288 1015 3380 ipsos
1037 3287 1161 3356 horum
1177 3284 1259 3356 scri-

141 3398 290 3480 ptomm.
349 3391 559 3461 Scholiastes
583 3390 819 3484 Aristophanis
844 3393 892 3460 'sd
919 3393 1006 3462 Rau.
1030 3391 1091 3462 tr.
1120 3389 1166 3458 de
1191 3389 1259 3458 So-

184 3718 216 3806 ¹l)
237 3720 284 3782 Ex
306 3721 410 3782 eadem
436 3719 503 3799 lege
524 3739 555 3780 sa
578 3719 762 3780 contrarium
783 3703 1003 3780 demonstrasse
1025 3720 1067 3780 nit
1089 3717 1260 3778 Boeckhins

141 3807 175 3866 in
195 3805 406 3874 dissertatione
414 3827 539 3886 ,qnam
560 3807 735 3866 Germanice
753 3805 874 3886 scripsit
896 3805 934 3867 de
958 3805 1125 3866 differentia
1146 3805 1260 3864 Attico-

140 3912 211 3952 rum
247 3852 448 3970 Lenaeorudr,
483 3889 770 3968 Anthesteriorum,¹
803 3902 833 3953 et
867 3889 1080 3971 Dionysiorum
1114 3891 1260 3950 ruralium

140 3999 174 4058 p.
197 3979 250 4044 53.
269 3997 438 4056 provocans
461 3977 499 4036 ad
520 3978 631 4038 librum
654 3977 691 4038 de
712 3937 900 4060 principibus
922 3977 1092 4056 tragicisp
1111 3983 1160 4041 12.
1175 3998 1260 4056 seqq

116 4061 212 4139 coll.
240 4064 316 4128 528.
345 4082 429 4142 seqq.
452 4071 482 4122 et
503 4063 653 4124 Peterson.
678 4062 715 4122 de
738 4065 801 4124 vita
821 4073 851 4122 et
875 4061 984 4122 sabulis
998 4061 1139 4143 Aeschyli
1162 4084 1192 4142 p.
1208 4067 1260 4127 79.

142 4166 207 4226 req.
229 4145 396 4224 lectorique
416 4147 554 4206 neutrius
573 4150 668 4226 partis
690 4148 825 4208 studioso
848 4156 878 4208 et
900 4146 941 4207 de
959 4147 1018 4206 hac
1039 4168 1073 4208 re
1094 4149 1179 4208 etde
1200 4146 1260 4208 Ae-

143 4229 245 4310 schyli
266 4227 394 4306 ss'nrilin,
417 4249 506 4308 quam
527 4251 559 4290 se
580 4232 637 4291 sibi
658 4233 731 4294 satis
752 4233 885 4294 firmasse
903 4233 1024 4309 videri,
1043 4233 1187 4294 iudicium
1209 4251 1260 4292 re-

145 4315 295 4397 linquens.
338 4317 368 4378 ls
388 4317 481 4396 igitur
504 4315 625 4380 iudicet.
926 4341 931 4348 ·
