3058 5046
411 285 1029 381 uansrvursuurarurssr.
1213 320 1278 384 aas

165 485 291 578 ubique
321 489 366 558 ab
393 489 441 558 Η.
461 487 639 582 Stephano
669 486 874 558 satisfactum
903 488 1064 558 ridemus.
1124 489 1277 577 Quodsi

51 594 54 596 ’
164 589 247 660 huic
263 590 497 663 commoditati
510 597 731 684 prospectum
747 591 790 666 ab
806 590 1001 659 Editoribus
1017 601 1117 678 esset,
1143 604 1178 661 et
1193 617 1275 686 gra·
1330 621 1332 640 =

163 694 245 762 tiam
268 694 413 764 iniissent
442 717 601 788 magnam
629 693 673 760 ab
694 693 865 778 omuibus,
906 693 965 782 qui
986 695 1077 762 usuri
1108 706 1184 765 sunt
1204 696 1275 766 hoo

163 793 272 885 libro,
299 798 514 882 ctfccisseut,
539 805 578 866 nt
600 795 794 887 opinamur,
820 795 916 885 quod
931 791 1010 886 'ipsc
1026 797 1173 866 facturus
1190 799 1275 866 fuis-

162 907 212 968 set
231 900 492 991 Stephanus‚'
468 923 495 968 su
511 900 631 968 iterum
649 898 805 966 edidisset
820 899 918 966 illum
933 899 1156 971 Thesaurum.
1189 901 1275 968 Sunt

162 1009 274 1070 autem
290 1004 352 1071 tria
367 1004 594 1096 potissimum,
620 1022 707 1121 quae
727 999 828 1069 valde
844 1002 1061 1071 incommoda
1081 1011 1157 1070 sunt
1177 1011 1274 1070 utcrr-

161 1105 248 1172 tibus
264 1104 431 1204 Stephani
445 1107 554 1174 libror
577 1105 744 1223 primurm·
768 1103 863 1194 quod
886 1102 1072 1194 quaedam,
1098 1129 1186 1200 qnae
1210 1127 1275 1197 per

162 1207 367 1278 oblivionem
392 1210 514 1276 omissa
549 1208 698 1291 fuerant,
735 1206 769 1272 iu
798 1207 892 1275 calce
912 1207 1118 1276 voluminum
1143 1208 1275 1276 adiectu

161 1321 251 1391 sunt;
291 1323 327 1380 et
346 1311 433 1382 haec
455 1311 593 1400 quidem
616 1331 685 1376 non
714 1307 903 1378 dubitamus
928 1309 1009 1399 quin
1027 1311 1184 1379 Editores
1215 1310 1273 1395 ibi,

161 1412 221 1481 ubi
243 1415 404 1484 collocari
426 1412 613 1497 debebant,
639 1411 814 1502 reposituri
837 1412 916 1491 sint3
949 1412 1152 1497 secuudum,
1179 1411 1273 1501 quod

134 1551 137 1558 =
160 1515 283 1599 multa,
324 1539 412 1607 quae
434 1518 506 1605 quis
531 1516 567 1583 in
590 1515 665 1605 ipso
687 1512 865 1582 Thesauro
894 1515 1086 1602 quaerenda
1109 1515 1274 1601 coniiciat,

160 1617 289 1704 Indici,
331 1640 371 1688 ac
390 1641 492 1710 saepe
514 1621 559 1687 ob
588 1615 742 1686 eamdem
765 1617 860 1684 illam
880 1617 1060 1701 rationem,
1095 1617 1189 1706 quod
1211 1641 1273 1686 ne-

159 1720 276 1812 glecta
298 1721 448 1808 fuerant,
473 1722 594 1788 inserta
617 1728 700 1788 sunt.
751 1719 811 1788 Sic
834 1720 944 1788 statim
966 1722 1010 1789 ab
1032 1720 1141 1805 initio,
1167 1742 1272 1808 qunrn

159 1823 300 1891 verbnm
300 1817 445 1948 ιὶιὶζω
435 1848 470 1892 ιιι
492 1825 671 1893 Thesauro
695 1822 843 1918 positum
867 1823 926 1908 sit,
959 1826 1033 1914 quis
1057 1847 1125 1892 ιιοιι
1146 1823 1272 1891 ibidem

104 1975 121 1994 ι
159 1927 259 1994 etiam
284 1921 403 2000 αἰιὶσιιω
433 1927 768 1998 commemorandum
792 1925 891 1994 fnisse
918 1925 1076 1996 censeat?
1133 1923 1272 1995 Athos
1354 1942 1357 1946 ’

159 2029 195 2096 in
217 2029 369 2098 Iudicem
400 2032 591 2099 coniectum
620 2038 687 2112 est,
727 2052 791 2098 nec
815 2029 943 2117 placuit
972 2029 1168 2097 Editoribns
1194 2027 1272 2096 novi

159 2130 327 2200 Thesauri
348 2154 423 2200 eam
445 2132 608 2199 rationem
630 2131 803 2213 deserere,
835 2131 916 2199 licet
936 2131 1038 2198 iidem
1055 2132 1184 2218 aliquot
1204 2131 1271 2198 alia

158 2236 262 2302 verba
286 2257 327 2303 cx
348 2233 464 2305 ludica
492 2234 526 2300 in
547 2233 659 2322 ipsum
686 2230 898 2300 Thesaurum
921 2233 1116 2322 receperint
1169 2231 1272 2300 Cuius

157 2337 288 2406 consilii
314 2359 417 2425 quum
449 2359 532 2424 quas
566 2356 696 2405 caussas
718 2333 898 2400 habuerint
925 2355 993 2401 non
1015 2333 1198 2402 indicatum
1219 2336 1271 2419 sit,

157 2461 226 2507 non
249 2447 362 2528 potest
386 2455 426 2514 ea
446 2460 514 2506 non
536 2436 754 2504 inconstantia
776 2434 943 2524 quaedam
962 2436 1077 2503 sideri.
1128 2433 1182 2504 Ac
1211 2459 1272 2502 nos
1380 2467 1382 2478 ι

157 2541 313 2630 quidem,
339 2543 390 2616 lo.
406 2541 575 2631 Scapulae
600 2539 776 2628 exemplo,
802 2547 909 2606 totum
924 2539 1075 2607 ludieem
1092 2536 1271 2606 Thesauro

158 2645 223 2735 ipsi
239 2645 384 2714 inserere
404 2644 631 2711 suasissemus:
661 2664 730 2730 quo
750 2641 841 2710 lacto
863 2643 982 2710 mirum
999 2650 1157 2730 qnantum
1175 2664 1271 2710 com-

138 2747 309 2816 moditati
331 2747 492 2815 utentium
514 2745 703 2817 consultum
724 2745 848 2812 fuisset.
899 2747 987 2812 Nam
1007 2769 1049 2814 ne
1074 2747 1271 2838 peregrinas

156 2849 294 2940 quidem
316 2873 416 2919 voces
447 2847 668 2940 seiungendas
694 2847 793 2916 fnisse
821 2847 1061 2932 ιιιιίιιίιιιιιιιιιιι,
1106 2847 1271 2936 siquidem

156 2954 247 3020 nulla
270 2962 319 3020 est
338 2954 471 3044 lingua,
505 2953 585 3042 quin
608 2949 734 3041 aliquas
759 2951 893 3019 aliunde
915 2964 1064 3044 sumptas
1090 2972 1190 3018 voces
1217 2952 1270 3017 iu-

156 3056 289 3124 terdum
303 3066 455 3146 usurpet:
481 3056 712 3124 multominus
728 3077 769 3122 ea
791 3055 976 3139 vocabula,
1003 3076 1090 3142 quae
1108 3067 1295 3141 quarum-‘t

157 3157 237 3236 dam
259 3158 478 3228 dialectornm
501 3157 640 3248 propria
660 3164 753 3239 sunt,
788 3151 923 3245 abipso
948 3156 1126 3223 Thesauro
1144 3155 1264 3223 d‘niun·

157 3261 402 3345 ctavellemuS,
429 3270 465 3328 ut
483 3283 572 3356 quae
593 3269 627 3325 et
643 3259 777 3327 Graeca
801 3257 880 3341 sint,
907 3268 940 3326 et
956 3281 1058 3346 saepe
1081 3259 1270 3346 antiquissi-

156 3387 221 3431 ma
273 3365 370 3434 Haec
397 3363 462 3430 suis
487 3384 642 3452 quaeque
663 3360 747 3428 locis
770 3359 934 3452 reposita,
969 3361 1090 3430 deinde
1113 3369 1270 3449 poterant

88 3505 91 3510 ,
155 3467 267 3535 indice
289 3466 438 3556 quodam
461 3464 643 3535 secundum
665 3472 782 3556 gentes
809 3464 975 3568 urbesque
998 3464 1161 3553 disposito
1186 3486 1270 3530 enu-

155 3571 297 3660 merari,
323 3590 392 3658 quo
418 3567 548 3637 facilius
564 3566 724 3658 nnumin
744 3537 857 3633 locum
877 3576 1061 3666 congesta,
1076 3586 1144 3633 nno
1169 3565 1268 3632 etianr

156 3673 273 3741 obtutu
295 3645 671 3790 comprehenderentur.
722 3667 876 3742 Tertium
897 3668 1061 3756 deniqne,
1098 3666 1224 3754 quod
1215 3691 1268 3735 ιιι-

156 3775 374 3846 commodum
406 3781 455 3841 est
486 3773 523 3840 iis
555 3773 614 3860 qui
642 3769 806 3860 Stephani
837 3770 1049 3839 Thesaurum
1081 3769 1267 3854 consulunt,

154 3877 225 3946 hoc
256 3887 321 3962 est,
367 3875 463 3966 quod
490 3874 658 3965 quaedam
690 3875 795 3940 rerba
832 3881 868 3941 ut
897 3874 955 3950 nbi
988 3873 1181 3962 quaerenda
1204 3875 1267 3942 sint

156 3979 281 4062 discas,
306 3980 428 4048 Indicis
443 3978 647 4069 inspectione
662 3999 747 4068 opus
761 3987 818 4048 est.
852 3975 910 4046 Sic
932 3969 1072 4072 ῥήσσω,
1100 3968 1264 4098 ῥήγινυμι,

156 4092 190 4150 et
213 4104 301 4170 qnae
324 4081 405 4151 hinc
429 4080 634 4166 derivantur,
675 4081 776 4147 allata
802 4079 916 4145 sunt
906 4102 941 4145 ιιι
969 4075 1124 4146 verbo
1102 4073 1267 4174 apulam,-

156 4185 223 4306 qai,
258 4183 377 4280 ῥῆμα,
410 4182 445 4248 in
470 4185 574 4310 ιῖιιως
607 4167 760 4278 posta,
775 4179 853 4278 (iio,
889 4174 1041 4277 βροτός,
1069 4175 1266 4299 α’μβριισια,

155 4281 363 4384 ἄβροτιὲζω,
403 4285 436 4352 in
468 4287 545 4382 ρἐ
597 4284 697 4354 Haec
724 4292 757 4350 et
787 4283 950 4352 similia”
930 4307 968 4352 us
996 4285 1080 4352 locis
1102 4284 1184 4374 poni
1207 4304 1267 4348 nos

143 4391 327 4460 Hunno
354 4385 421 4460 Os.
448 4387 491 4456 11.
653 4460 657 4464 ,
1042 4387 1071 4454 P
1096 4438 1098 4443 .
