3078 5026
536 375 868 442 nrssun'rtrto.
1190 380 1253 446 m
1310 463 1312 468 Ι

241 545 343 618 Haec
366 545 470 642 igitur
493 547 648 635 illorum,
682 548 741 639 qui
772 557 926 620 auctores
955 549 1093 622 fuerunt
1106 550 1254 648 iatam
1294 547 1296 552 ’

136 652 384 738 narrationum,
411 651 572 738 eruditio,
597 653 742 722 Homeri
761 661 876 722 autern
892 653 1103 744 Hesiodiqne
1119 677 1254 725 caroru-

136 757 218 826 denr
243 777 356 824 rerum
387 755 593 846 ignorantia,
633 755 717 846 quid
743 755 855 846 aliud,
895 779 1001 847 quam
1032 757 1139 832 veluti
1163 761 1280 830 nubet

136 859 288 950 dispulsa
302 857 348 926 ad
365 857 526 927 immensa
547 867 741 952 temporum
763 860 871 951 spatia
894 869 1114 952 prospectum
1133 862 1255 952 aperit,

135 963 258 1054 quibus
274 969 308 1030 et
332 961 468 1030 emicuit
477 965 517 1032 ¹in
532 962 679 1034 Graecia
693 963 752 1032 lux
766 962 968 1056 sapientiae,
995 971 1029 1033 et
1045 963 1136 1033 clare
1152 963 1256 1049 fulsit,

135 1075 172 1136 et
196 1064 373 1157 paullatim
393 1085 524 1134 rursum
547 1067 706 1136 emuncta
731 1074 790 1134 cst.
840 1065 1005 1136 Videmus
1026 1089 1140 1136 rerum
1167 1067 1257 1136 divi-

134 1191 254 1239 ιιιιιιιιιι
273 1166 563 1259 humerorumque
585 1169 757 1239 scientium
778 1189 820 1238 ex
840 1170 924 1238 Asia
937 1193 1004 1262 per
1023 1169 1166 1260 Lyciam
1189 1170 1257 1238 mi-

135 1280 294 1366 grantem
316 1272 351 1338 in
371 1273 565 1366 Europam
596 1271 749 1341 videmos
768 1271 942 1342 fabulosos
960 1282 1079 1365 poetas
1099 1272 1257 1366 peregri-

135 1397 216 1476 nam
237 1373 444 1461 doctrinm,
478 1383 688 1446 monstruoso
713 1383 847 1445 tumore
869 1376 1005 1446 orientis
1020 1376 1088 1445 sire
1111 1381 1257 1462 mittam,

136 1479 207 1549 siro
220 1477 385 1546 *nondum
403 1478 589 1565 indutam,
619 1479 715 1569 quasi
744 1478 789 1548 de
815 1479 949 1572 integro
974 1479 1109 1550 Graeca
1141 1479 1259 1570 speeie

134 1589 373 1674 procreantem
399 1581 554 1652 videmus
575 1592 694 1676 poetas
716 1581 810 1668 illos,
837 1605 983 1672 quorum
1009 1583 1161 1652 omniurn
1178 1576 1273 1652 veru'

135 1683 273 1754 nomina
288 1683 475 1755 nominibus
498 1687 544 1756 ab
567 1695 657 1772 arte,
690 1707 758 1775 qna
775 1687 966 1774 clarebant,
990 1687 1104 1778 petitis
1118 1685 1258 1756 oblitte-

135 1796 210 1858 rau
223 1796 316 1874 sunt,
337 1783 396 1856 diu
406 1789 442 1858 in
454 1787 607 1862 'lbracia
622 1789 819 1876 haerentes,
843 1813 990 1881 raroque
1002 1789 1140 1884 tandem
1154 1789 1257 1864 etiam

137 1913 218 1962 curn
247 1890 320 1958 aliis
348 1889 514 1966 Graeciae
551 1894 702 1987 partibus
728 1894 937 1966 commercio,
966 1893 1113 1964 iunctos:
1149 1891 1258 1983 qualis

136 1993 334 2085 Pamphns,
371 2015 441 2064 non
460 1998 534 2089 ipse
558 1996 788 2084 AtheniensiS,
820 1996 1079 2067 Atheniensibus
1110 1994 1257 2087 hymnos

137 2096 283 2166 deorum
297 2096 395 2177 fecit3
419 2099 572 2168 videmur
587 2099 733 2188 deniqne
753 2109 917 2169 retrusam
935 2100 1114 2191 paullatim
1129 2100 1164 2168 in
1180 2122 1257 2189 my-

137 2199 316 2270 steriorum
338 2210 465 2271 secreta
483 2203 577 2270 illam
597 2202 787 2294 sapientum
805 2201 993 2272 doctrinam
1007 2202 1156 2272 vitiatam
1174 2201 1258 2269 reli-

107 2383 114 2396 ,
136 2304 282 2396 gionnm
310 2304 583 2392 perturbatione,
626 2313 822 2396 corruptam
861 2305 988 2375 inscitia
1025 2305 1257 2395 interpretum,

136 2408 353 2476 obscuratam
372 2405 508 2476 levitate
523 2409 717 2482 amoeniora
730 2407 945 2492 sectantium,
971 2407 1059 2475 adeo
1077 2416 1115 2474 ut
1128 2430 1203 2474 eam
1214 2429 1260 2474 rre

136 2509 190 2579 illi
204 2505 343 2598 quidem
353 2508 595 2603 intelligerent,
620 2512 677 2600 qni
696 2493 934 2579 hereditariam
953 2533 975 2577 a
988 2509 1156 2601 prioribus
1171 2531 1260 2601 poe·-

139 2614 189 2681 ain
204 2610 370 2697 colentes,
396 2636 502 2703 quum
525 2614 651 2706 ingenii
673 2613 1007 2698 excellentiuomnes
1022 2614 1260 2706 praestingue-

138 2723 230 2800 rent,
266 2722 359 2782 tanta
378 2716 455 2786 illos
484 2719 655 2796 oblivione
678 2727 881 2806 merserunt,
914 2727 953 2786 ut
979 2718 1044 2809 ipsi
1067 2718 1130 2786 sint
1156 2718 1261 2810 primi

139 2827 293 2888 auctores
306 2821 412 2888 omnis
426 2821 619 2890 eruditionis
637 2820 756 2891 habiti
807 2821 940 2890 Nobilis
954 2833 1005 2890 est
1020 2819 1111 2891 banc
1127 2821 1162 2890 in
1184 2845 1271 2892 rem·

140 2921 301 2990 sententia
312 2921 498 3011 Herodoti,
525 2926 657 3016 qnietti
670 2933 862 3011 nonrecte,
887 2934 1019 3011 tarnen,
1044 2926 1159 2994 utillo
1181 2926 1259 3014 qni-

141 3024 222 3094 dem
235 3046 340 3114 aevo,
366 3028 556 3099 admirabili
576 3029 831 3122 perspicientia,
855 3029 917 3098 lib.
939 3029 985 3097 ll
1009 3049 1040 3098 e.
1061 3024 1123 3096 53.
1146 3030 1195 3096 ita
1213 3028 1259 3096 de

139 3127 295 3197 Homero
310 3138 345 3196 et
360 3131 515 3201 Hesiodo
537 3134 669 3204 scribit.
704 3131 811 3207 οὗτοι
831 3132 928 3205 dd'
893 3157 963 3204 εισι
986 3136 1022 3203 οἱ
1045 3123 1260 3226 ποιήσαντες

140 3229 332 3354 θεογονίην
352 3230 513 3357 Ελλησι
512 3287 526 3325 ,
570 3235 630 3308 ccl
671 3241 771 3310 τοῖσι
803 3238 925 3308 θεοῖσι
957 3259 1038 3314 roc
1057 3232 1260 3328 ἐπωνυμίας

141 3327 285 3422 δόντες,
323 3335 382 3408 καὶ
375 3363 514 3460 otpcc
538 3363 581 3412 cc
601 3337 661 3411 acl
690 3338 817 3428 τέχνας
842 3329 1042 3427 διελόντες,
1076 3335 1135 3409 ecl
1161 3339 1260 3410 εἴδεα

141 3431 264 3560 αὐτῶν
288 3431 531 3535 σημήναντες·
566 3447 602 3514 οἱ
626 3440 666 3515 dd
689 3433 870 3538 πρότερον
896 3439 1047 3538 ποιηταὶ
1069 3431 1260 3532 λεγόμενοι

140 3565 285 3613 τουτων
310 3539 385 3615 τῶν
412 3539 575 3666 ἀνδρῶν
583 3544 777 3636 γενέσθαι,
810 3539 984 3662 ὕστερον,
1019 3538 1104 3635 ἐμοὶ
1127 3567 1167 3632 ys
1191 3542 1260 3613 do-

140 3642 258 3732 stan,
299 3643 467 3738 ἐγένοντο
503 3635 657 3719 τούτων.
716 3645 830 3730 Quem
858 3645 982 3712 mirum
1010 3651 1060 3713 est
1093 3642 1260 3732 quosdam

139 3764 211 3814 aon
243 3745 392 3840 vulgaris
422 3747 598 3819 doctrinae
627 3748 717 3817 viros
749 3747 820 3818 boc
849 3746 965 3818 dicere
996 3747 1151 3839 opinatos
1179 3769 1261 3834 esse
1301 3819 1308 3828 ,

141 3847 290 3940 primos,
329 3849 388 3940 qui
414 3850 564 3922 versibus
591 3873 648 3922 eas
667 3873 722 3921 res
749 3859 974 3943 exponerent,
1007 3850 1199 3920 Homerum
1226 3860 1262 3922 et

140 3949 336 4049 Hesiodum
358 3953 477 4028 fuisset
508 3955 605 4047 quod
633 3979 654 4026 a
678 3964 792 4024 mente
816 3955 886 4025 eius
915 3953 1152 4024 alienissimum
1179 3978 1261 4041 esse,

141 4055 361 4146 perspicuum
380 4067 439 4129 est
489 4060 591 4132 Hanc
613 4083 694 4132 vero
715 4068 787 4128 tam
809 4058 1006 4130 irnmensam
1020 4059 1262 4149 praestantissi-

142 4179 279 4228 morum
298 4173 593 4232 monmnentorum
621 4168 785 4236 iacturam
813 4162 925 4252 aliqua
951 4163 1074 4238 saltem
1096 4183 1138 4230 ex
1163 4171 1261 4254 parte

144 4282 366 4356 compensare
393 4267 578 4356 poterimus
606 4267 861 4359 brucstigundis,
887 4288 1120 4357 quaecumque
1142 4287 1262 4369 snper-
1383 4273 1386 4280 ’

147 4377 223 4436 sunt
238 4390 355 4447 eorum
377 4369 544 4464 vestigiis:
569 4372 691 4463 quilnn
708 4371 889 4466 diligenter
909 4369 1078 4459 collectis,
1103 4376 1262 4460 recteque
