3058 5046
273 341 338 406 lllss
386 336 445 398 DE
472 333 736 420 merome
760 333 979 400 salaces
1007 334 1283 398 PRIMORDIIS

273 509 401 604 gnabat
421 499 587 604 Κηφεύς,
630 505 773 576 Pierius.
831 505 933 579 Hmc
960 515 996 578 et
1017 506 1186 576 Phineum
1209 506 1392 600 Euripides

274 637 316 684 ex
335 613 443 697 Belo,
467 610 621 701 plerique
643 609 753 699 aptius
774 630 815 677 ex
832 612 992 702 Agenore
1010 621 1198 703 prognatos
1216 612 1392 701 scripsere.

274 715 453 808 Cepheum
475 715 610 783 fuerunt
631 713 731 781 etiam
751 713 809 802 qui
829 736 851 780 a
871 715 1034 804 Neptuno
1057 715 1210 814 genitum
1230 714 1391 783 dicerent.

273 821 322 892 Et
343 819 402 888 hio
421 817 559 907 quidem
584 817 627 884 ab
653 837 695 884 eo
711 815 838 900 dictur,
864 817 959 906 quod
978 818 1060 902 iter,
1085 839 1154 906 quo
1168 818 1321 908 ignotam
1333 840 1393 885 re-

274 924 414 1016 gionem
427 919 641 1011 explorabat,
666 927 756 988 retro
770 919 878 1001 flexit3
906 913 1033 1000 Φινεύς
1048 930 1170 1004 autem,
1196 919 1391 1005 Litteriuus,

275 1026 370 1116 qood
389 1025 424 1094 in
441 1025 554 1092 littore
570 1021 705 1106 sedens,
731 1022 977 1111 adventumque
990 1023 1080 1092 navis
1100 1023 1315 1092 alicuiusslbi
1330 1047 1392 1092 va-

273 1130 429 1212 ticinans,
455 1129 574 1196 obtusa
589 1124 841 1215 prospectando
858 1127 1037 1195 oculorum
1056 1128 1150 1210 acie,
1176 1127 1297 1195 misero
1314 1126 1393 1194 foe·

275 1233 390 1322 doque
404 1232 512 1316 victu,
541 1251 644 1318 quem
664 1229 786 1298 flnctus
809 1251 830 1296 a
851 1230 1011 1320 procellis
1034 1251 1103 1296 nou
1126 1251 1236 1298 rursus
1255 1240 1392 1319 raptum

138 1345 140 1349 '
276 1337 311 1404 in
333 1333 690 1422 vado'relinquerent,
732 1331 836 1400 vitam
867 1332 1069 1406 toleraverit.
1127 1333 1181 1401 Ex
1208 1330 1261 1400 his
1287 1333 1394 1424 igitur

186 1515 210 1532 .-
275 1438 413 1508 Flendus
430 1458 569 1514 uxorem
589 1435 709 1503 habuit
732 1437 999 1528 Κασσιέπειαν,
1026 1434 1277 1520 Facundinam,
1303 1459 1393 1525 qaae

275 1541 371 1631 quod
398 1563 469 1610 sese
485 1539 689 1630 pulcriorem
713 1537 913 1606 Nereidibus
937 1539 1106 1624 iactasset,
1131 1538 1200 1606 hae
1228 1561 1392 1608 unacum

276 1647 436 1736 Neptuno
457 1643 664 1734 indignatae*
678 1641 776 1708 undis
804 1643 987 1710 obruerunt
1014 1645 1204 1734 regionem,
1245 1642 1394 1710 immise-

275 1746 583 1836 runtquebelluam
599 1744 777 1824 marinam3
803 1746 957 1834 aquibus
976 1745 1072 1813 malis
1092 1767 1159 1813 non
1183 1745 1285 1812 aliam
1305 1745 1393 1814 libe-

276 1872 315 1918 ra
330 1851 441 1918 'onem
465 1871 537 1917 esse
562 1848 736 1915 oraculum
759 1846 861 1932 dixit,
902 1871 1004 1936 quam
1038 1849 1065 1915 si
1097 1848 1202 1916 liliam
1225 1849 1274 1916 illi
1299 1871 1393 1916 suam

276 1860 547 2051 'ebdomadem
584 1951 793 2041 Viriregam,
835 1950 970 2018 belluae
996 1949 1050 2019 isti
1070 1951 1235 2042 praedam
1263 1953 1395 2022 obiice-

277 2063 362 2126 rent.
410 2053 518 2139 Quod
541 2053 669 2123 factum
689 2063 755 2137 est,
779 2053 897 2143 puella
913 2053 957 2120 ad
977 2075 1097 2144 rupem
1117 2055 1265 2146 alligata.
1315 2055 1394 2124 Ido-

277 2181 355 2228 rum
376 2155 434 2227 hic
454 2179 566 2250 sensus
581 2165 639 2228 est.
691 2156 894 2248 Navigantes
910 2157 1125 2248 adignotam
1136 2159 1313 2250 regionem
1330 2157 1395 2226 de-

277 2261 355 2347 lati,
382 2283 486 2350 quum
496 2283 563 2352 per
576 2258 711 2329 accolas
724 2261 915 2328 oberrantes
930 2259 1090 2329 facundia
1100 2283 1177 2346 sua,
1202 2271 1239 2330 ut
1261 2261 1395 2331 Home-

267 2365 367 2435 ricus
385 2363 543 2455 Vlysses,
569 2363 712 2431 multum
734 2365 807 2432 auri
826 2365 1058 2455 collegissent,
1084 2363 1171 2454 (hoc
1193 2365 1282 2432 enim
1306 2364 1396 2456 regit

278 2467 449 2559 homiues)
464 2467 589 2538 reversi
606 2467 828 2555 omnibusque
840 2490 876 2535 se
890 2468 1121 2558 navigantibus
1134 2467 1303 2538 feliciores
1321 2469 1395 2552 rati,

278 2571 370 2639 littus
394 2556 551 2639 fluctibus
575 2579 758 2654 vastatum,
801 2569 1064 2658 haerentemque
1092 2592 1213 2638 navem
1241 2595 1335 2638 suam
1357 2571 1395 2638 in

279 2681 422 2764 aggesta
442 2673 576 2764 glarea,
602 2695 698 2761 quae
720 2694 783 2762 per
804 2673 910 2767 αῆτσς
934 2673 1159 2764 significatur,
1190 2672 1395 2742 invenerunt.

278 2775 331 2844 Ita
352 2774 482 2843 divitias
503 2797 578 2844 suas
602 2775 636 2843 in
657 2774 769 2842 littore
791 2775 981 2865 deponunt,
1014 2777 1152 2868 glareae
1169 2777 1397 2846 removendae

279 2877 445 2969 praedam
454 2876 594 2944 futuras.
627 2877 716 2948 Casu
730 2877 910 2946 adveniunt
922 2879 992 2963 isti,
1018 2879 1077 2968 qui
1090 2878 1237 2970 Seripho
1257 2903 1398 2972 eprae-

280 2979 424 3048 donibus
443 2979 662 3072 aufugerant,
692 2979 861 3069 potitique
877 2980 931 3048 his
954 2982 1083 3072 opibus
1097 2983 1282 3072 cupientes,
1309 3003 1398 3050 cou-

188 3143 190 3148 ,
280 3084 492 3152 sentientibus
511 3083 596 3168 illis,
621 3105 741 3151 navem
761 3105 878 3150 eorum
891 3095 1022 3154 remota
1042 3086 1159 3176 glarea
1174 3085 1227 3176 [id
1244 3093 1293 3154 est
1306 3087 1397 3154 enim

280 3185 395 3256 occidi
416 3196 601 3274 monstrum
635 3186 818 3277 marinum)
855 3186 890 3254 iu
917 3211 1011 3256 mare
1041 3187 1260 3279 protrudunt,
1278 3211 1413 3262 :acoe-¹

279 3291 413 3382 ptisque
435 3289 573 3373 divitiis,
606 3312 665 3358 sua
687 3290 765 3357 navi
785 3291 918 3386 abeunt.
970 3291 1110 3359 Reversi
1129 3291 1396 3384 adpraedones,
1522 3375 1523 3390 χ

279 3413 386 3483 quum
413 3414 454 3460 ex
472 3392 654 3483 improviso
680 3393 747 3460 iam
768 3402 805 3460 ut
828 3393 1211 3485 hostesapparuissent,
1240 3394 1396 3486 'praedo-

280 3520 339 3565 nes
361 3504 497 3586 stupore
516 3518 558 3565 ao
579 3503 671 3564 metu
696 3495 926 3587 obriguerunt.
977 3497 1097 3586 ltaque
1119 3497 1289 3568 vindicata
1309 3499 1395 3581 navi,

279 3601 396 3690 inqua
413 3599 495 3668 olim
511 3599 603 3690 capti
614 3599 763 3685 fueraut,
791 3609 824 3668 et
843 3599 985 3690 imperio
1006 3601 1218 3690 praedonum
1233 3597 1395 3693 permisso

120 3743 126 3756 =
148 3763 159 3778 ,
281 3704 329 3787 ei,
355 3703 413 3792 qai
430 3713 568 3792 ceperat
590 3703 698 3793 ipsos,
723 3705 760 3771 ut
781 3703 888 3771 minus
901 3703 1039 3788 iniusto,
1066 3703 1206 3772 domum
1221 3713 1397 3772 revertun-

279 3815 335 3874 tur
367 3805 411 3872 ad
441 3827 517 3874 suos
544 3805 745 3899 revisendos,
808 3804 852 3873 Id
886 3814 953 3890 est,
992 3806 1088 3895 quod
1116 3806 1239 3876 Acrisii
1269 3805 1397 3876 visendi

281 3927 397 3976 caussa
417 3909 557 3980 Persem
578 3910 691 4002 Argos
713 3906 1003 4014 rediisseudicitur.

382 4113 430 4179 Ar
442 4112 607 4206 Acrisius,
632 4113 700 4184 sive
714 4113 974 4204 Inseparantius,
1002 4113 1130 4184 oraculi
1151 4121 1245 4194 metu
1266 4114 1302 4182 in
1317 4116 1399 4186 110-

280 4212 494 4305 laertem,
520 4217 694 4302 Hostiam,
719 4241 755 4288 se
770 4228 964 4308 receperat,
988 4217 1048 4286 ubi
1069 4210 1293 4308 Ταατσίμισς,
1321 4217 1400 4306 Ap-

279 4317 385 4409 paro,
417 4339 477 4387 rex
499 4317 704 4418 Λαρίσσης,
731 4321 917 4413 Volupiae,
945 4321 1045 4390 ludos
1069 4319 1227 4388 funebres
1242 4319 1401 4388 celebra-
