3080 5054
546 404 852 475 nenalbmvs.
893 459 895 464 .
1186 403 1260 484 ,111

5 635 6 638 =
146 586 312 664 Δαναῖαν
336 576 384 657 ἰα’
408 582 509 678 γένος
533 577 665 657 αὐτῶν.
716 581 947 676 Multiplicem
977 581 1066 656 enim
1098 579 1263 672 Pelasgo-

146 713 222 760 rum
248 687 425 758 mentionis
450 687 736 780 opportunitatem
765 687 855 758 haee
884 685 1062 778 tragoedia
1094 684 1264 756 continere

146 793 276 862 debuit.
325 789 423 883 Male
446 811 528 861 vero
558 789 652 882 apud
685 790 889 860 Strabonem
920 789 1070 881 legitar5
1104 791 1143 863 ἐν
1167 784 1308 859 ‘Iar-n

147 905 248 970 viora
271 892 295 990 ἢ
319 899 503 984 Δανᾳΐσι,
529 913 597 982 qua
617 892 740 962 menda
759 892 922 984 deceptus
937 891 1103 964 Staulcius
1124 889 1159 958 in
1176 889 1264 966 notis

140 996 194 1076 ¹ad
217 997 367 1068 indicem
385 996 577 1066 fabularum
594 995 762 1069 Danaides
785 1005 820 1070 et
838 996 1020 1092 Supplices
1041 1016 1144 1066 unam
1162 999 1264 1084 puta-

147 1101 198 1172 sit
211 1099 437 1190 eamdemque
452 1098 666 1193 tragoediam
688 1122 771 1169 esse.

150 1335 153 1340 ·
250 1305 405 1376 Alterum
425 1313 679 1399 argumentum,
703 1327 774 1397 quo
798 1303 970 1390 adducor,
994 1311 1034 1374 ut
1055 1304 1268 1376 absolutasa

147 1409 316 1480 iudicibus
338 1409 471 1501 puellas
493 1409 650 1495 credam,
682 1409 841 1495 honest,
875 1408 970 1498 quod
992 1408 1091 1477 aliter
1110 1431 1179 1478 non
1199 1430 1267 1500 po-

148 1513 264 1582 tuisset
290 1513 556 1604 Hypennnestra
578 1536 637 1582 rea
666 1515 743 1605 agi,
778 1511 872 1601 quod
898 1521 1011 1580 tamen
1034 1510 1164 1582 factum
1185 1535 1267 1597 csse,

149 1616 261 1707 arguit
278 1616 512 1714 §fragmentum
533 1637 575 1686 ex
596 1617 748 1684 oratione
762 1615 920 1702 Veneris,
946 1615 991 1684 de
1013 1636 1082 1702 quo
1103 1614 1193 1684 infra
1213 1613 1267 1682 di·

148 1729 253 1792 cetur.
305 1719 394 1787 Nam
416 1721 444 1788 si
462 1720 641 1788 damnatae
664 1727 771 1788 essem
795 1727 965 1803 caeterae,
1002 1727 1122 1808 sponte
1146 1740 1267 1788 conse-

147 1823 329 1912 quebatur,
355 1843 424 1891 non
437 1846 508 1891 esse
524 1823 653 1894 crimini
669 1823 848 1891 obnoxiam
862 1823 1179 1914 Hypermestram:
1204 1822 1267 1888 ab·

148 1925 264 1993 solutis
280 1932 413 2013 autem,
438 1950 527 2016 quae
548 1937 750 1998 necaverant
765 1947 924 2018 sponsos,
952 1947 1021 1995 non
1034 1925 1148 2016 potuit
1164 1925 1267 2015 culpa

148 2031 270 2098 'vacam
290 2051 350 2114 ea,
376 2051 464 2118 quae
479 2039 699 2120 pepercerat,
734 2030 795 2098 sed
821 2029 950 2100 iudices
977 2051 1020 2098 eo
1048 2052 1084 2098 se
1111 2028 1267 2098 redactos

146 2131 324 2210 ridebant,
350 2136 407 2215 ut,
433 2151 539 2219 rmum
556 2131 630 2198 illas
644 2131 881 2213 absolvissent,
905 2129 1015 2213 hanc,
1040 2152 1130 2218 quae
1151 2137 1267 2220 spreto

145 2232 254 2326 patris
282 2229 464 2318 mandato,
504 2253 622 2300 aurore
653 2232 769 2323 sponsi
795 2231 957 2301 incestum
991 2232 1122 2315 facere,
1163 2253 1267 2319 quam

145 2338 267 2404 iustam
299 2355 420 2406 necem
451 2334 535 2405 darc
562 2332 748 2420 maluisset,
791 2331 1084 2406 condemnandam
1115 2355 1188 2430 esse
1213 2335 1267 2402 in-

145 2438 347 2532 telligereat

149 2675 152 2684 r
250 2644 292 2714 lu
321 2642 391 2714 eius
413 2640 465 2712 rei
493 2641 738 2736 disceptatione
761 2665 803 2712 ea
825 2651 1029 2736 exprompta
1060 2665 1133 2714 esse
1163 2665 1268 2736 argu·

147 2755 265 2819 menta
286 2739 450 2818 credibile
469 2755 534 2834 est,
574 2770 663 2837 qnae
686 2754 721 2816 et
738 2747 877 2838 culpam
892 2748 1187 2842 ·Hypermnestrae
1206 2769 1267 2816 au·

148 2873 252 2944 gere,
291 2849 508 2950 etliuvidirm
529 2851 565 2918 in
586 2850 763 2942 Lynceum
784 2850 954 2921 concitare
973 2852 1174 2922 viderentur.
1223 2853 1270 2922 Et

148 2955 452 3044 Hypermestram
471 2953 611 3043 quidem
632 2976 738 3045 quum
759 2954 914 3046 plerique
929 2957 1093 3050 virginem
1115 2955 1269 3026 mansisse

148 3056 303 3146 tradant,
335 3065 375 3126 ut
389 3056 644 3148 Apollodorus,
670 3056 865 3127 scholiastes
887 3059 1030 3128 Homeri
1050 3057 1094 3126 ad
1116 3056 1215 3126 Iliad.
1236 3059 1267 3128 δ.

149 3158 239 3228 m.
264 3155 462 3230 scholiastes
485 3158 625 3226 Pindari
646 3159 691 3226 ad
713 3159 811 3226 Nem.
835 3158 879 3226 X.
902 3157 963 3226 lo.
989 3169 1090 3248 atque
1116 3157 1268 3264 Ovidius,

147 3264 355 3333 contrarium
379 3260 461 3330 dicit
487 3258 685 3328 scholiastes
712 3257 889 3349 Euripidis
912 3260 958 3330 ad
979 3262 1067 3332 Hcc
1096 3261 1184 3331 869.
1196 3256 1268 3334 cd.

147 3365 279 3436 ·.Matth
301 3363 371 3458 μία
397 3361 437 3438 δὲ
461 3355 605 3434 τούτων
625 3354 720 3459 μόνη
747 3358 782 3458 ἡ
792 3357 1113 3486 Yrreppop'capc’
1095 3362 1267 3488 spelenco

148 3495 220 3588 που
206 3468 429 3562 Λυγκέως,
455 3457 531 3537 dard
555 3463 619 3560 τῆς
643 3467 769 3558 μίξεως
795 3458 1008 3539 διάθεσιν
989 3474 1154 3564 suppucia
1176 3459 1268 3561 πρός

150 3565 277 3644 αυτόν.
328 3571 430 3639 Hanc
454 3567 649 3647 senteutiam
673 3569 835 3658 probasse
854 3568 985 3638 videtur
997 3570 1206 3660 Aeschylus
1232 3578 1269 3636 nt

148 3674 211 3762 qui
230 3675 534 3765 Hypermestram
561 3693 631 3740 non
656 3679 726 3739 tam
754 3671 965 3742 miseratione
985 3674 1146 3764 Lyncei„
1165 3693 1269 3761 quam
1347 3727 1349 3732 s

149 3799 269 3848 arnore
290 3801 312 3846 a
334 3775 441 3846 caede
464 3773 651 3843 cohibitam
672 3774 813 3844 florent
864 3775 908 3845 ld
928 3800 970 3847 ex
994 3777 1049 3850 his
1072 3777 1107 3849 in
1125 3777 1269 3848 home-

149 3877 289 3956 theon
320 3877 408 3949 864
432 3877 647 4004 intelligitur.

193 4165 199 4182 ,
307 4112 398 4178 μιαν
425 4083 464 4159 di
489 4082 674 4159 tacitast
655 4111 779 4180 ιμερυς
802 4084 942 4170 θέλξει,
968 4077 1015 4158 ad
1033 4082 1088 4209 μή

198 4209 201 4214 ’
307 4195 448 4262 κτεῖναν
474 4182 669 4266 σύνευνον,
696 4184 778 4262 ἀλλ’
805 4183 1160 4310 ἀπαμβλυνθήσεται

310 4283 472 4411 γνώμην,
505 4293 606 4370 δυοῖν
632 4290 671 4364 δι’
696 4283 860 4414 dcirepoo
884 4283 1139 4413 βουλιήσιται,

310 4387 428 4471 satsat
453 4392 598 4477 ἄναλκις
622 4389 810 4489 μᾶλλον
787 4419 808 4492 η
835 4387 1042 4492 μιαιφόνος.
