3080 5054
275 382 343 446 ⁸14
568 379 571 386 ’
602 375 661 440 DE
691 373 1054 440 COMPOSlTlONE

276 575 349 622 csse
365 550 525 636 diximus,
550 550 725 636 eumdem,
758 573 860 641 quom
876 549 969 636 hue,¹
994 551 1030 618 iu
1048 549 1183 646 trilogta
1206 552 1395 622 locum-te-

275 656 358 724 nuit.
410 655 524 724 Prima
545 655 633 723 enim
650 654 815 742 Phineus,
841 655 990 726 secunda
1005 655 1146 741 Persae,
1172 655 1394 725 tertiaGlau-

277 780 338 829 cus
358 756 544 827 Potuieusis
567 758 640 870 fuit.

380 910 588 982 confirmare
617 907 772 980 videntur
801 911 901 980 etiam
925 895 1123 1004 Supplices:
1168 910 1223 980 cui
1253 910 1393 1000 quidem

276 1014 412 1084 fabulae
436 1009 554 1082 dubito
578 1036 621 1082 au
641 1036 710 1082 uon
730 1015 950 1108 praecesserit
969 1016 1052 1103 alia,
1076 1035 1165 1104 quae
1191 1023 1392 1106 argumento

276 1141 356 1189 cum
373 1142 414 1186 ea
431 1116 646 1203 cohaereret,
673 1140 886 1208 quumquae
907 1118 971 1187 sint
986 1119 1066 1186 istae
1081 1117 1220 1210 puellae
1243 1127 1276 1186 et
1297 1117 1392 1197 uude

176 1255 177 1260 ¹
275 1219 424 1290 venerint
445 1222 579 1314 Argos,
613 1230 736 1310 etqua
758 1245 892 1308 caussa,
918 1230 989 1292 tarn
1006 1223 1172 1291 'accurate
1196 1221 1393 1314 explicetur,

276 1332 314 1394 ut
340 1313 429 1392 nunc
453 1325 601 1416 primum
630 1348 705 1393 earn
728 1349 801 1393 rem
824 1324 859 1392 iu
887 1321 986 1394 scena
1006 1325 1065 1418 agi
1092 1332 1265 1415 appareat.
1319 1323 1392 1392 Sed

274 1436 450 1517 sequutum
468 1451 540 1496 esse
561 1427 662 1495 aliam
676 1428 847 1513 fabulam,
873 1426 961 1516 quae
982 1429 1191 1498 continuaret
1210 1433 1394 1520 argumen-

274 1540 364 1615 tum,
391 1531 485 1620 quod
504 1532 539 1599 in
563 1531 778 1623 Supplicibus
793 1531 1030 1622 imperfectum
1049 1531 1263 1620 relinquitur,
1288 1531 1391 1604 ualde

275 1643 326 1702 est
347 1633 531 1702 verisimile.
583 1633 737 1724 Eamque
760 1634 913 1704 fabulam
938 1634 1108 1705 Danaides
1127 1636 1247 1720 fuisse,
1286 1633 1392 1704 facile

274 1758 317 1805 ex
333 1736 528 1829 fragmentis
545 1737 720 1823 coniiciaS,
747 1747 784 1806 ut
804 1761 891 1827 quae
910 1750 1025 1830 aperte
1047 1737 1092 1805 ad
1113 1739 1244 1831 nuptias
1260 1735 1392 1806 Danai-

274 1837 359 1908 dum
379 1849 540 1931 spectent.
593 1839 730 1910 Habent
753 1864 793 1908 ea
814 1839 951 1930 quidem
973 1851 1042 1908 taur
1060 1842 1267 1933 sirrgularem
1291 1843 1390 1926 colo-

260 1965 365 2028 rem,
390 1952 428 2010 ut
448 1963 516 2010 uon
534 1941 596 2008 sim
615 1943 809 2027 miraturus,
836 1946 864 2009 si
886 1943 959 2032 quis
984 1943 1074 2018 hanc
1096 1945 1250 2012 fabulaur
1270 1944 1390 2034 satyri-

273 2067 350 2114 cam
366 2044 465 2113 fuisse
486 2045 651 2114 coniiciat.
704 2045 776 2115 Sed
793 2045 880 2113 nihil
892 2056 940 2114 est
954 2056 1067 2114 tamen
1081 2047 1115 2113 in
1134 2047 1183 2133 iis,
1210 2047 1304 2138 quod
1323 2069 1391 2114 non

177 2152 180 2160 '
274 2148 376 2216 etiarn
397 2149 431 2216 in
458 2149 637 2240 tragoedia
660 2157 757 2218 recte·
777 2143 811 2216 et
834 2145 959 2241 n'ragna
983 2174 1061 2220 cunr
1083 2145 1116 2219 vi
1136 2147 1204 2220 diei
1224 2145 1389 2244 potuerit}

272 2273 336 2321 uec
357 2251 459 2321 facile
479 2261 529 2319 est
551 2251 743 2338 intellectu,
768 2252 951 2343 'quomodo
972 2252 1097 2343 Satyris
1114 2253 1184 2323 hoc
1206 2277 1391 2346 argumen-

271 2364 344 2423 tum
358 2353 543 2427 conveuiat.
596 2353 730 2439 Quodsi
751 2355 930 2450 tragoedia
947 2355 1029 2442 fuir,
1059 2380 1185 2426 novum
1207 2359 1308 2426 etiarn
1328 2380 1389 2428 ace

272 2457 373 2527 cedet
397 2457 548 2549 opinioni
566 2468 697 2526 nostrae
720 2457 984 2545 firmamentum,
1020 2461 1204 2550 siquidem,
1236 2469 1274 2528 ut
1296 2460 1390 2552 Sup-

270 2559 379 2651 plices
398 2561 447 2629 ad
470 2569 603 2630 cautum
624 2541 835 2652 potissimuni
854 2563 964 2632 factae
979 2574 1077 2654 sunt,
1099 2565 1146 2648 ita
1167 2564 1202 2630 in
1216 2563 1390 2632 Danaidi-

271 2665 352 2749 bus,
384 2664 478 2755 quod
502 2665 689 2754 spectando
711 2666 855 2733 maxime
874 2666 1048 2762 populum
1068 2668 1243 2752 retineret,
1277 2667 1390 2752 fuisse,

210 2763 215 2776 “
272 2789 340 2834 nou
357 2767 463 2836 modo
479 2790 520 2835 ex
532 2767 607 2857 ipsa
619 2767 951 2860 undequinquaginta
968 2791 1167 2860 sponsorum
1183 2769 1392 2839 atrocissima

271 2870 396 2955 caede,
426 2869 486 2938 sed
507 2871 608 2936 etiam
631 2892 677 2939 ex.
697 2892 744 2950 eo,
762 2871 897 2939 videtur
917 2873 1035 2963 colligi
1058 2896 1175 2963 posse,
1201 2873 1297 2966 quod
1318 2873 1393 2942 Ve-

271 2972 357 3042 neris
378 2975 413 3041 in
434 2998 476 3043 ea
499 2971 616 3039 fabula
636 2995 815 3064 personam
831 2973 1056 3042 introductam
1077 2975 1231 3064 legimus.

373 3127 496 3196 Paullo
521 3127 615 3196 aliter
628 3125 840 3196 metuendum
855 3125 988 3195 videtur
1007 3125 1054 3194 de
1068 3126 1209 3218 Septem
1224 3125 1270 3202 ad
1286 3125 1392 3197 The·

271 3231 340 3298 bas.
390 3231 489 3302 Haec
510 3233 659 3321 quamvis
682 3231 796 3299 similis
818 3231 859 3298 sit
879 3229 1116 3321 Choephoris,
1142 3239 1255 3298 tamen
1271 3232 1390 3303 neseio

269 3335 316 3401 'an
335 3343 464 3402 mutato
485 3335 672 3402 variationis
695 3333 815 3404 ordine
841 3356 909 3402 non
932 3334 1133 3418 secundum,
1166 3335 1226 3402 sed
1253 3335 1389 3404 tortium

271 3437 429 3528 trilogiae
458 3435 573 3506 locum
596 3438 762 3506 habuerit.
820 3438 1056 3529 Praegressam
1077 3438 1217 3526 quidem
1253 3439 1285 3504 ei
1315 3461 1388 3510 esse

272 3541 374 3609 aliam
401 3529 614 3632 tragoediam
643 3542 814 3612 coniuncti
845 3541 1049 3632 argumenti,
1083 3563 1123 3610 ex
1144 3534 1219 3630 ipsa
1241 3537 1388 3634 intelligi
1507 3568 1515 3600 ·.

270 3653 399 3736 potest,
424 3654 462 3712 ut
483 3644 517 3712 in
537 3649 604 3734 qua
623 3645 742 3714 sornnii
764 3645 957 3730 cuiusdam,
983 3645 1078 3733 quasi
1101 3646 1172 3711 uoti
1188 3645 1388 3735 spectatori-

270 3749 349 3832 bus,
374 3749 500 3816 mentio
520 3747 598 3833 fiat,
623 3743 670 3816 ‘de
686 3771 755 3837 quo
775 3749 936 3816 tamenin
957 3748 1016 3816 illa
1038 3743 1176 3838 quidem
1198 3749 1313 3818 fabula
1333 3748 1387 3819 ui·-

271 3848 468 3922 hildictum
484 3863 564 3921 erat.
614 3850 728 3922 Lucus
745 3860 793 3920 est
808 3852 867 3922 hic
880 3851 1020 3925 vqtct.
1220 3865 1223 3874 ’
1287 3869 1291 3875 ’

226 4017 266 4080 11
338 4091 343 4100 ‚,
384 4002 497 4096 Ὶοἴγειν
519 3991 559 4078 d’¹
577 4000 724 4099 α’ληθεΐς
748 4004 921 4080 ἐνυπνίων
937 3996 1215 4102 ,φαντασμάτων

404 4105 523 4202 ὄψεις,
547 4103 724 4206 πατρῴων
747 4103 941 4216 χρημάτωι
965 4103 1144 4206 δατήριοι.
1239 4181 1242 4188 ,

272 4257 353 4328 Hoc
372 4259 487 4349 ituquo
508 4262 675 4332 somnium
692 4263 728 4331 in
748 4285 947 4355 praegressa
967 4262 1085 4331 fabula
1097 4269 1266 4332 narratum
1286 4260 1387 4329 fuerit
1433 4267 1436 4281 '

271 4371 487 4436 amesseae
536 4367 651 4456 Atque
671 4389 784 4456 quurrr·
796 4368 831 4434 iu
847 4366 972 4436 fabulis
990 4367 1161 4458 Aeschyli
1177 4373 1212 4436 et
1231 4364 1334 4434 Laius
1354 4374 1388 4434 et
