3078 5026
153 1107 154 1112 ‘
266 1112 364 1200 DE
445 1106 844 1202 AESCHYLI
918 1109 1192 1198 PERSIS
1274 1125 1276 1132 ’

406 1274 961 1366 DISSERTATIO
999 1276 1054 1391 *).·
1113 1305 1117 1312 ·

622 1569 829 1587 m

170 1833 288 1968 Quae
309 1878 375 1938 tres
399 1877 511 1960 partes
531 1875 605 1960 suut
627 1868 927 1960 interpretationis,
953 1865 1131 1961 explicatio
1154 1862 1306 1935 verbo-8

165 1998 262 2060 rum,
289 1974 451 2042 enarratio
465 1995 597 2057 rerum,
623 1981 656 2040 et
676 1972 875 2063 disceptatio
898 1971 941 2042 de
964 1971 1134 2062 scriptoris
1150 1969 1284 2038 virtuti-

165 2079 229 2147 bus
257 2079 313 2145 vel
336 2077 445 2163 aidis,
478 2098 594 2142 earum
615 2073 694 2160 illa,
735 2098 838 2164 quam
865 2085 1075 2168 postremam
1102 2073 1282 2160 nominavi,

166 2180 327 2270 quoniam
348 2179 421 2246 fere
450 2178 495 2245 ad
523 2199 654 2246 sensum
679 2179 862 2266 quemdam
890 2178 1073 2268 iudiciique
1098 2177 1283 2244 sollertiam

164 2284 272 2366 redit,
297 2291 335 2349 ut
354 2282 523 2349 liberalior
537 2279 672 2368 reliquis
692 2280 822 2348 duabus
840 2281 1004 2368 habetur,
1028 2281 1076 2348 ita
1087 2280 1193 2360 ,etiam
1206 2302 1281 2346 ma·

165 2388 222 2478 gis
248 2385 409 2475 ambigua
437 2391 485 2448 est
511 2392 612 2470 atque
635 2382 771 2449 incerta.
835 2383 925 2450 Nam
948 2404 1052 2473 quum
1083 2382 1219 2448 omnino
1247 2379 1282 2447 in

164 2489 288 2573 rebus,
314 2508 402 2576 quae
422 2507 518 2552 sensu
541 2483 649 2575 magis
672 2507 775 2573 quam
796 2483 931 2553 scientia
952 2482 1200 2577 percipiuntur,
1227 2481 1282 2549 di-

166 2589 352 2660 versissima
382 2588 446 2656 sint
471 2587 648 2656 homiuum
677 2586 819 2672 iudicia,
857 2595 930 2656 tum
963 2587 1072 2655 multo
1104 2586 1211 2656 maior
1242 2584 1282 2653 sit

167 2716 305 2764 necesse
320 2701 368 2760 est
388 2689 567 2776 dissensio,
592 2689 652 2757 ubi
674 2714 716 2758 ue
737 2690 876 2758 materia
896 2690 1050 2780 quidem,
1076 2689 1121 2758 de
1143 2712 1211 2779 qua
1227 2689 1282 2756 iu-

169 2796 318 2882 dicatur,
343 2795 389 2862 ita
405 2795 581 2885 explorata
597 2815 637 2861 ac
656 2793 793 2861 definita
818 2791 883 2880 est,
909 2805 947 2861 nt
961 2817 1028 2863 uua
1052 2795 1205 2862 omnibus
1228 2800 1278 2860 at·

167 2922 234 2990 que
264 2899 385 2966 eadem
411 2897 519 2966 videri
549 2896 681 2965 debeat.
739 2895 781 2964 ld
803 2919 884 2965 vero
906 2899 1050 2965 maxime
1073 2898 1108 2964 in
1129 2907 1282 2965 veterum

168 3003 296 3093 scriptis
336 3023 399 3068 usu
429 3001 519 3069 veuit
545 3019 634 3088 quae
664 2999 769 3068 modo
801 3001 847 3068 ob
880 3000 1041 3091 temporis
1072 3006 1281 3082 vetustatem,

168 3106 273 3173 modo
287 3112 429 3195 propter
439 3103 631 3194 linguarum
645 3103 880 3194 imperfectam
902 3099 1054 3170 notitiam
1075 3102 1123 3168 ita
1144 3101 1238 3190 quasi
1261 3122 1282 3168 e

168 3208 353 3300 longinquo
369 3207 626 3296 conspiciuntur,
643 3216 690 3290 ut,
703 3201 806 3295 prout¹
821 3199 943 3294 cuique
958 3205 1100 3298 propius
1118 3203 1283 3274 accedere

168 3311 361 3402 contigerit,
388 3299 489 3376 aliam
501 3317 602 3396 atque
618 3308 718 3375 aliam
731 3310 878 3400 speciem
895 3308 1161 3402 praeseferant.
1193 3307 1283 3374 Nam

166 3423 328 3499 vetustas,
358 3436 446 3503 quae
474 3413 712 3504 plerarumque
738 3436 851 3481 rernm
885 3415 1084 3481 memoriam
1113 3411 1283 3491 obscurat,
1329 3453 1333 3462 -
1440 3401 1443 3408 ’

167 3516 268 3605 facit,
293 3526 331 3584 ut
353 3516 446 3585 haud
467 3538 560 3602 raro,
586 3539 655 3604 quo
672 3539 786 3583 rerum
808 3524 911 3598 statu,
938 3537 1007 3604 quo
1027 3512 1185 3595 consilio,
1211 3529 1286 3598 quo

167 3621 202 3688 in
228 3619 365 3712 singulis
384 3619 533 3712 partibus
553 3629 708 3709 respectu
729 3616 812 3706 quid
833 3616 994 3706 scriptum
1014 3615 1074 3699 sit,
1101 3622 1158 3682 aut
1178 3612 1281 3704 plane

165 3723 378 3815 ignoremus,
405 3715 549 3788 autnon
568 3719 629 3787 nisi
649 3718 870 3788 coniectando
890 3740 1121 3810 assequamur:
1152 3738 1221 3805 quo
1245 3715 1280 3783 in

166 3848 293 3918 genere
308 3849 411 3915 quam
424 3823 525 3893 facile
541 3822 689 3910 accidat,
715 3833 768 3910 ut,
794 3823 954 3916 neglecto
969 3843 1066 3910 vero,
1092 3817 1179 3887 falsa
1194 3842 1282 3890 cou—
1337 3841 1342 3850 ·
1457 3845 1460 3852 ⁴

167 3939 350 4017 sectemur,
391 3929 426 3996 in
454 3936 618 4020 promptu
645 3935 702 3997 est.
762 3928 974 4022 linguarum
1010 3932 1121 3993 autem
1143 3922 1280 3994 scientia

167 4055 273 4122 quum
294 4056 362 4101 non
389 4034 425 4100 in
448 4032 621 4120 omnibus,
659 4032 719 4122 qui
743 4031 836 4102 docti
864 4039 1043 4114 vocantur,
1080 4026 1200 4098 eadem
1225 4027 1280 4111 sit,

203 4302 235 4384 ⁸)
257 4303 345 4365 Edita
366 4312 412 4365 eet
438 4324 464 4364 a.
489 4307 579 4373 1812
