3078 5026
271 387 333 448 ms
417 383 474 444 nr
496 382 658 444 cuono
679 349 969 444 ¹tritumnnvn
997 349 1231 443 snscnrnr

225 555 368 624 llmodi
389 555 519 648 scriptis
538 580 606 625 non
623 564 692 626 tam
718 555 803 624 ordo
825 564 859 625 et
879 576 981 624 nexus
1001 561 1035 622 et
1059 575 1250 639 consensus,
1276 572 1378 642 quam
1489 575 1507 592 ··

239 695 241 698 ·
269 661 399 752 singula
423 657 488 750 p'er.
513 685 548 730 se
568 662 776 752 fragmenta,
809 681 954 748 quorum
978 658 1163 749 farragines
1192 663 1269 724 sunt
1285 651 1378 724 'istae

268 763 376 846 vitae,
402 763 603 832 considerari
617 763 750 844 debent.
801 761 963 851 Aeschyli
975 760 1115 849 quidem
1128 761 1231 828 vitam
1243 759 1290 829 sic
1308 782 1379 826 esse

271 888 290 934 e
316 864 464 957 plurium
494 866 694 955 scriptorum
718 864 913 956 fragmentis
942 865 1181 952 compositam,
1213 861 1379 930 neminem
1425 869 1427 876 ⁴

270 963 400 1052 latebit,
440 968 498 1056 qui
522 968 835 1060 praestantissimam
868 966 1050 1034 editionem
1079 965 1273 1032 Robortelli
1300 987 1401 1034 cum·

267 1071 462 1160 vulgaribus
488 1071 581 1140 libris
623 1071 810 1138 contulerit.
871 1069 1000 1137 Clarius
1024 1068 1095 1137 hoc
1114 1066 1295 1157 aliquando
1313 1090 1379 1157 ap·
1411 1081 1435 1118 '-

269 1173 420 1263 parebit,
453 1174 551 1244 editis
586 1175 803 1257 lectionibuS,
858 1196 940 1262 quas
982 1196 1002 1241 e
1047 1171 1149 1240 codd.
1184 1170 1288 1238 MSS.
1314 1169 1378 1237 ad-

218 1277 221 1284 '
268 1271 391 1343 notari.
441 1275 608 1367 Exemplo
634 1299 723 1345 nunc
759 1276 800 1343 sit
827 1274 885 1345 hic
917 1277 991 1366 ipse
1014 1275 1126 1359 locus,
1161 1273 1220 1363 qui
1252 1282 1303 1340 est
1334 1272 1378 1341 de

268 1379 385 1447 Siculo
400 1377 534 1448 itinere:
558 1403 660 1468 quem
681 1380 728 1447 ita
744 1378 901 1498 afferam,
926 1388 965 1446 nt
979 1379 1083 1446 missis
1099 1377 1279 1446 levioribus
1297 1375 1378 1444 scn'-

260 1492 387 1572 pturae
401 1471 668 1570 diversitatibus,
686 1506 744 1566 ea,
770 1504 856 1571 quae
871 1483 905 1548 in
920 1482 1012 1548 libris
1034 1480 1234 1570 quibusdam
1257 1479 1378 1546 omissa

269 1594 361 1668 sunt,
386 1585 478 1652 uncis
499 1585 678 1654 includam
726 1581 867 1707 ’Λσῆρι
888 1584 925 1657 δὲ
947 1577 1036 1704 προς
1055 1581 1202 1702 Ιίρσινα
1225 1608 1289 1677 της
1303 1586 1377 1653 Σι
1407 1657 1411 1664 ,

213 1754 217 1764 ,
268 1686 385 1766 κολίας
406 1681 612 1782 τύραννον
594 1743 607 1776 ,
641 1680 735 1759 κακοί
753 1713 854 1766 τινας
871 1686 970 1816 pffgv’
993 1684 1064 1759 ιίιιο
1056 1678 1289 1782 Ἀθηναίων
1307 1711 1376 1753 κα-

268 1790 558 1869 τασσοαδαοθοίς
577 1788 649 1883 [καί
669 1788 837 1908 ἡσσηθεὶς
861 1791 926 1882 νέῳ
948 1785 1029 1859 ὄντι
1052 1791 1253 1908 Σοφοκλεῖ·
1283 1778 1378 1856 κακοί

210 1950 215 1960 .
269 1890 341 1962 δί’
323 1889 438 1970 ινίοος
446 1944 460 1978 ,
487 1894 525 1963 ἐν
540 1919 591 1984 τῳ
609 1895 657 1970 τίς
672 1917 757 1969 τους
780 1895 818 1961 ἐν
831 1889 1047 2010 Μαραθῶνι
1061 1881 1284 2008 τεθνηκότας
1297 1889 1377 1960 ἑλε-

267 1989 350 2084 γοίῳ
365 1988 544 2120 ηοσηθηίς]
563 1991 769 2114 Σιμωνίδη
795 1985 841 2065 ad
852 1985 921 2122 ηοίρ
940 1995 1094 2083 ἐλεγεῖον
1108 1984 1199 2062 uolt
1222 1989 1284 2085 τῆς
1297 1987 1379 2111 capi

268 2086 315 2166 τό
334 2094 522 2186 συμπαθὲς
538 2087 754 2221 λεπτότητος
772 2095 938 2185 μετέχειν
958 2096 1060 2166 θελοι
1066 2147 1080 2181 ,
1108 2093 1130 2165 d
1150 2121 1217 2164 τοο
1204 2083 1379 2180 ἳἈισχιί-

268 2197 353 2284 lov,
379 2192 424 2276 cic
444 2197 604 2290 ἔφαμεν,
631 2196 729 2270 ἐστίν
751 2189 963 2292 αλλότριον
989 2193 1097 2288 [τινὲς
1117 2197 1158 2268 δέ
1179 2219 1312 2288 φασιν,
1339 2197 1377 2266 ἐν

267 2325 312 2394 τη
299 2293 507 2419 αιιοδοίξιι
527 2299 600 2372 τῶν
619 2295 828 2390 Εομενίδοιν
847 2291 1031 2418 σποράδην
1057 2291 1291 2391 εἰσαγαγόντα
1310 2289 1377 2368 τόν

193 2467 195 2473 .
267 2392 401 2495 χορόν
426 2401 606 2473 τοσοῦτον
623 2400 792 2497 ἐκπλῆξαι
812 2427 878 2474 τον
901 2400 1035 2496 δῆμον,
1064 2392 1399 2490 occuparemus

267 2502 442 2595 ἐκψῦξαι,
468 2530 514 2577 τα
508 2496 577 2576 δὲ
600 2503 742 2598 ἔμβρυα
763 2500 1076 2624 ἐξαμβλωθῆναι]
1112 2494 1228 2576 stede
1255 2499 1377 2573 τοίνυν

268 2606 318 2682 εἰς
338 2602 530 2693 Σικελίαν,
555 2602 716 2699 Ιέρωνος
730 2597 818 2678 τότε
835 2597 902 2701 τήν
915 2606 1056 2702 Αἴτνην
1068 2602 1264 2692 κτίζοντος,
1291 2607 1376 2676 ἐντε-
1460 2615 1462 2622 ’

268 2702 408 2784 δείξατο
422 2697 487 2784 τοῖς
502 2705 695 2796 Αἰτναίας,
724 2698 832 2830 [polam
851 2705 1033 2802 λαμπροῖς]
1054 2701 1332 2829 οἰανιζόηιινος’
1315 2733 1377 2780 ον-

266 2805 402 2876 erden
420 2805 503 2899 βίον
522 2801 667 2898 α’γαθόν
688 2813 764 2887 τοῖς
795 2807 1033 2894 σονοικίζονσι
1065 2802 1132 2898 τήν
1156 2804 1283 2896 πόλιν,
1320 2806 1379 2880 καί

269 2900 410 3003 σφόδρα
427 2907 481 3002 τῷ
492 2936 533 2981 τι
550 2907 689 3005 Ἱέρωνι
703 2909 762 2981 καί
777 2917 853 2992 τοῖς
870 2905 1027 2992 Γελοίοις
1042 2909 1225 3032 τιμηθείς,
1251 2903 1378 3004 ἐπιζή-

269 3035 331 3088 σας
344 3008 472 3104 τρίτον
486 3011 585 3100 ἔτος,
614 3009 677 3106 [σίν
692 3012 782 3086 druis
796 3013 902 3086 πέντε
917 3040 1005 3108 προς
1018 3019 1094 3092 τοῖς
1107 3005 1292 3110 ἑξήκοντα]
1309 3037 1376 3083 τε-

267 3111 380 3205 lausqi
395 3112 531 3188 τοῦτον
546 3141 613 3186 τον
628 3107 777 3210 τρόπον.
829 3114 901 3183 lam
916 3116 976 3185 etsi
991 3115 1100 3208 prima
1114 3119 1150 3185 in
1168 3114 1221 3192 his
1242 3113 1377 3182 omissio

267 3213 497 3305 negligentiae
519 3217 729 3285 librariorum
751 3218 949 3309 imputanda
964 3219 1114 3304 videtur,
1147 3228 1261 3286 tamen
1282 3217 1377 3306 quod

268 3316 313 3382 ad
340 3316 484 3405 reliquas
500 3319 634 3405 attinet,
664 3344 768 3409 quum
790 3323 824 3389 in
844 3321 977 3390 duobus
1000 3323 1174 3392 codicibus
1195 3343 1263 3388 non
1282 3323 1377 3389 inve-

267 3420 417 3505 niantur,
449 3442 537 3509 quae
560 3423 685 3514 scripta
708 3434 784 3491 sunt
810 3426 845 3492 in
873 3427 993 3506 tertio,
1018 3427 1226 3517 reperiantur
1253 3433 1375 3505 autem,

211 3524 214 3534 ’
265 3545 355 3612 quae
376 3524 411 3590 in
427 3524 487 3593 illo
502 3545 571 3602 non
590 3537 665 3595 sunt
678 3526 818 3618 scripta3
842 3550 1015 3618 quumque
1030 3528 1191 3597 editiones
1205 3526 1330 3595 Aldina
1344 3535 1377 3594 et

131 3655 136 3661 ·
265 3619 476 3712 Robortelli,
505 3652 593 3717 quae
613 3631 733 3699 ambae
755 3653 796 3698 ex
816 3631 989 3708 codicibus
1012 3653 1186 3722 expressae
1207 3638 1298 3720 sunt,
1323 3630 1376 3697 ni-

265 3727 318 3794 bil
342 3729 467 3798 horum
487 3732 655 3801 omittente
680 3731 764 3823 quid
784 3733 878 3802 aliud
897 3757 999 3823 quam
1020 3759 1040 3804 e
1060 3735 1158 3803 variis
1179 3733 1377 3801 narrationi-

266 3830 347 3914 bus,
374 3857 395 3898 a
409 3832 544 3902 diversis
557 3833 747 3905 hominibus
766 3835 847 3907 hinc
860 3838 954 3907 illinc
968 3838 1146 3930 congestis,
1170 3835 1262 3905 hanc
1275 3837 1376 3904 vitam

267 3931 446 4003 conflatam
468 3960 545 4005 esse
564 3936 795 4006 censebimus?
830 3939 918 4008 Vsus
939 3964 1014 4010 sum
1040 3939 1196 4029 exemplo
1219 3938 1265 4007 ob
1289 3939 1377 4031 ipsas
1478 3981 1481 3986 ,
1521 3963 1522 3968 ¹

266 4034 426 4104 codicum
446 4039 664 4110 dissensiones
692 4042 882 4134 perspicuo.
942 4044 1015 4113 Sed
1042 4043 1148 4109 multa
1170 4041 1377 4113 inveniuntur

267 4140 303 4207 in
326 4136 518 4209 huiusmodi
537 4145 610 4213 ritis
631 4147 714 4232 alia,
745 4168 832 4235 quae
852 4156 994 4240 propter
1014 4145 1096 4214 alias
1115 4147 1259 4214 rationes
1284 4167 1377 4212 eam·

268 4240 349 4310 dem
362 4264 434 4310 rem
446 4244 545 4314 etiam
565 4248 711 4340 apertius
726 4250 933 4322 confirment.
985 4249 1091 4336 Quod
1108 4250 1135 4320 si
1148 4257 1246 4320 caute
1260 4247 1377 4316 huius-

269 4344 363 4413 modi
385 4343 514 4418 indieiis
536 4359 648 4438 utare,
673 4363 893 4445 reputesque,
916 4375 1005 4456 quae
1025 4355 1182 4423 inunum
1201 4351 1379 4425 coniuncta
