3078 5026
190 291 200 304 ”
269 335 332 400 roo
479 329 830 428 uuunrnorvu
862 328 1171 410 ovorvuoan

149 507 156 540 '
268 501 368 572 etiam
389 499 487 572 devia
512 524 608 572 suom
630 511 876 594 consequantur
898 501 1088 598 fastigium,
1120 505 1193 575 aliis
1211 525 1379 597 quaeren-

268 605 350 674 dum
371 606 616 696 relinquamus,
650 608 725 696 quia
739 607 914 676 Musarum
935 609 1109 698 sacerdos,
1139 609 1266 700 pedem
1284 609 1373 679 Ioni-

214 761 223 780 ,
267 730 345 780 cum
368 732 390 775 a
408 711 536 780 maiore
548 709 583 778 iu
597 709 728 780 duabus
741 710 874 800 syllabis
889 733 997 780 unave
1009 711 1205 799 modulans,
1231 713 1379 782 carmina

266 833 335 880 nou
353 813 447 903 prius
463 814 576 881 audita
598 812 779 904 virginibus
799 816 979 906 puerisque
1000 824 1129 900 cantet,
1154 815 1291 885 daturus
1313 817 1379 886 ali-

265 913 422 1004 quando,
456 924 494 986 ut
521 937 656 1006 sperare
684 915 782 1002 licet,
821 917 922 986 etiam
948 918 1218 1008 monosyllabum
1244 941 1380 989 versum

265 1017 452 1087 heroicum.
511 1019 679 1103 Aliaria,
712 1026 751 1086 ut
770 1041 835 1110 par
855 1030 943 1106 erat,
977 1044 1050 1090 rem
1072 1039 1248 1114 aggressus
1266 1033 1315 1090 est
1332 1023 1386 1124 A„

265 1119 480 1208 Boeckhius,
511 1122 563 1191 vir
584 1130 618 1190 et
636 1121 844 1192 doctissimus
868 1133 903 1192 et
917 1124 1178 1194 »studiosissimus
1201 1124 1289 1194 veri:
1320 1126 1380 1216 qui
1418 1191 1423 1202 ,

265 1245 371 1324 quum
384 1224 458 1314 ipse
473 1247 610 1316 quoque
629 1246 718 1294 nora
734 1247 822 1316 opus
844 1249 914 1296 esse
936 1237 1121 1298 metrorum
1143 1228 1296 1297 doctrina
1316 1227 1381 1297 sibi

263 1327 495 1420 persuasisset,
527 1351 595 1398 non
615 1329 726 1397 solum
744 1339 898 1398 naturam
917 1353 1132 1400 nmnerorum
1150 1354 1211 1401 suo
1228 1330 1381 1422 quodam

264 1429 406 1523 proprio
426 1430 532 1500 modo
550 1431 719 1524 explicare
735 1431 877 1522 studuit,
903 1434 1098 1520 sedetiam,
1123 1435 1283 1525 quoniam
1302 1434 1382 1504 artis

264 1538 415 1603 veterum
435 1537 583 1606 musicae
603 1558 644 1606 ea
665 1533 700 1602 in
715 1557 757 1609 re
778 1536 927 1625 aliquem
946 1559 1042 1608 mum
1063 1538 1139 1608 fore
1155 1538 1380 1632 intelligebat,
1435 1573 1446 1588 a

264 1635 311 1704 ad
325 1637 415 1706 hanc
428 1651 584 1729 quoque,
608 1646 780 1728 tamquam
796 1639 841 1708 ad
855 1639 985 1710 fontem
1004 1642 1119 1734 largos
1138 1641 1276 1712 haustus
1293 1663 1380 1733 pro-

265 1739 471 1825 mittentem,
497 1742 687 1834 praecipua
711 1743 859 1831 quadam
887 1765 968 1813 cura
989 1767 1122 1814 cursum
1146 1744 1380 1836 disputationis

238 1846 346 1912 4suae
360 1842 505 1912 deflexit
557 1835 655 1931 Quae
669 1845 815 1917 musicae
835 1848 956 1916 veteris
974 1848 1211 1941 pervestigatio
1231 1871 1300 1916 nou
1312 1847 1378 1919 du-

262 1946 408 2016 bitamus
428 1946 509 2036 quin
530 1947 717 2016 admodum
737 1947 979 2020 fructuosaarei
1000 1951 1160 2020 metricae
1180 1951 1311 2038 luisset,
1352 1950 1380 2019 si

262 2049 313 2118 vir
325 2051 621 2141 praestantissimus
638 2051 870 2121 admirabilem
887 2052 979 2121 illam
992 2052 1188 2123 iudustriam
1210 2077 1304 2124 suam
1322 2075 1378 2140 ec,

261 2175 332 2242 quo
357 2153 501 2222 maxime
521 2152 688 2241 debebat,
714 2155 916 2225 contulisset.
948 2145 1058 2225 ¹Nam
1072 2179 1177 2248 quum
1203 2158 1291 2228 duae
1315 2157 1380 2226 sint

262 2263 377 2348 partes
401 2257 567 2346 musicae,
598 2256 796 2327 harmonica
824 2268 858 2327 et
880 2259 1090 2352 rhythmica,
1125 2284 1269 2352 quarum
1294 2259 1380 2328 har·-
1429 2307 1439 2324 ι
1534 2317 1535 2348 ,

262 2360 398 2430 monica
412 2361 505 2430 tenui
516 2359 669 2450 quodam
689 2370 725 2431 et
742 2361 849 2441 hodie
866 2363 921 2432 vix
935 2363 1127 2457 explicabili
1148 2365 1283 2435 viuculo
1299 2385 1378 2450 cum

262 2464 403 2534 metrica
424 2463 576 2534 doctriua
600 2463 782 2552 cohaeret,
819 2463 1012 2556 rhythmica
1036 2477 1148 2536 autem
1174 2476 1323 2560 cognata
1347 2466 1379 2537 ei

263 2574 312 2635 est
326 2567 570 2657 coniunctaque
588 2570 751 2638 maxime:
777 2566 1009 2639 bannouicam
1024 2571 1203 2660 diligenter
1214 2571 1273 2638 ille
1294 2593 1380 2660 per-

261 2669 435 2754 tractavit,
459 2669 689 2761 rhythmicam
710 2679 838 2756 autem,
865 2671 910 2740 da
932 2693 999 2761 qua
1018 2672 1074 2740 vel
1089 2670 1180 2758 sola,
1206 2672 1262 2740 vel
1275 2695 1381 2764 prae-

262 2772 364 2863 cipue
387 2792 463 2840 eum
484 2774 653 2846 dicturum
676 2774 966 2866 exspectabamus,
1008 2775 1119 2843 obiter
1142 2784 1273 2846 cutum
1300 2777 1380 2847 atti·

261 2875 335 2969 git,
359 2873 503 2945 afferam
513 2877 641 2970 magis,
666 2899 770 2966 quam
785 2879 970 2977 explicans,
996 2901 1085 2968 quae
1111 2880 1146 2948 in
1166 2878 1237 2948 hoc
1251 2901 1379 2971 genere

262 3001 285 3046 a
308 2979 476 3050 veteribus
496 2981 619 3050 tradita
643 2989 727 3048 sunt.
778 2981 841 3050 Est
866 2980 928 3049 illa
950 3004 1031 3049 sane
1052 2971 1158 3074 longe
1180 2982 1378 3052 obscurissi-

137 3155 145 3161 .
260 3103 317 3150 ma
334 3099 413 3175 pars
427 3085 548 3154 veteris
561 3084 736 3171 musicae,
751 3105 839 3174 quae
856 3105 926 3153 non
947 3085 1063 3172 aliter,
1088 3095 1127 3154 ut
1148 3086 1292 3172 videtur,
1318 3107 1378 3155 ex-

257 3185 394 3276 planari
420 3188 564 3278 poterit,
607 3209 711 3278 quam
738 3188 974 3258 siAristoxeui
1001 3191 1166 3260 clementa
1185 3189 1402 3280 rhythmica-

258 3289 489 3380 reperiautur,
521 3291 577 3360 vel
599 3291 703 3361 Pselli
727 3293 844 3363 saltem
859 3287 1077 3363 introductio
1102 3295 1137 3360 in
1165 3303 1272 3362 artem
1292 3290 1379 3381 rhy-

260 3392 436 3480 thmicam,
462 3394 554 3464 cuius
570 3392 754 3486 specimina
767 3395 935 3485 quaedam
949 3395 1127 3464 Motellius
1140 3395 1248 3482 dedit,
1273 3397 1308 3464 iu
1322 3395 1378 3463 lu-

263 3517 339 3566 cem
357 3497 505 3590 prodeat
518 3494 567 3589 *).
593 3498 641 3566 At
658 3506 750 3567 tanto
769 3498 895 3568 cautius
912 3499 1071 3568 incedere
1088 3509 1239 3591 oportet,
1263 3499 1379 3587 siquis

176 3636 180 3641 ,
260 3623 417 3670 numeros
431 3602 642 3672 Graecorum
663 3623 704 3670 ex
723 3602 798 3694 ipsa
817 3602 906 3693 illius
925 3605 1047 3694 gentis·
1059 3603 1211 3674 doctrina
1229 3603 1378 3676 iudicare

259 3702 410 3783 instituit.

301 3867 304 3876 ’
362 3858 503 3926 Prorsus
536 3858 623 3926 eninr
652 3857 802 3927 diversae
830 3869 925 3927 eraut
950 3858 1143 3949 rhythmica
1171 3867 1205 3928 et
1226 3859 1376 3928 metrica.

261 3953 425 4046 Mettica,
460 3985 548 4052 quae
569 3963 615 4030 ad
636 3961 743 4030 solam
767 3985 921 4031 versuum
941 3963 1221 4054 compositionem
1243 3971 1378 4055 specta·

266 4137 472 4160 *α’-ιιι..-
488 4128 494 4139 x

304 4239 343 4386 *y
341 4237 399 4384 1{ie
421 4238 486 4300 illo'
502 4241 592 4302 Paelli
615 4241 729 4324 scripto
759 4263 789 4303 v.
817 4241 942 4325 praelat.
973 4241 1014 4305 ad
1034 4192 1127 4308 Elem.
1160 4241 1258 4308 doctr.
1288 4251 1376 4306 metr.

261 4345 292 4406 p,
372 4363 382 4386 ‚
994 4371 997 4380 ,
1087 4367 1091 4374 ,
1191 4349 1200 4376 ι,
1320 4353 1323 4361 ,
