3058 5046
269 335 332 402 lca
369 331 419 390 on
441 311 955 420 urruouoo1nouaacoevu
974 326 1251 403 nnrrovrssmn
1271 327 1361 388 mss.

333 523 336 530 ’
374 501 546 574 Hactenus
561 500 738 570 Hesiodus.
791 500 890 585 Quae
908 500 1139 592 percensenda
1158 500 1240 572 duxi
1260 500 1385 588 omnia,

268 628 338 700 quo
353 625 414 692 ne,
440 607 468 674 si
481 607 648 695 quaedam
663 612 792 674 tantum
809 603 1002 695 attigissem,
1029 628 1070 673 ea
1083 603 1215 673 viderer
1226 604 1384 703 elegisse,

269 733 358 800 quae
379 731 455 780 casu
475 706 670 779 huiusmodi
686 702 993 800 interpretationem
1011 707 1234 776 admitterent.
1285 708 1385 778 Nunc

169 881 173 890 ,
269 823 450 906 postquam
463 811 618 892 eamdem
640 812 790 881 omnium
810 833 880 879 esse
901 810 1127 880 conditionem
1141 809 1290 895 ostendi,
1316 833 1386 879 non

269 913 355 1008 puto
382 915 466 984 mihi
491 915 674 984 verendum
699 937 787 998 esse,
830 937 873 981 ne
902 914 974 1004 quis
1002 914 1120 982 ludere
1152 938 1208 983 me
1241 913 1385 982 voluisse

271 1021 435 1111 opinetur.
493 1020 563 1086 Res
592 1019 665 1109 ipsa
692 1039 774 1085 vero
799 1016 897 1085 ludet
923 1015 1162 1110 mythologos,
1195 1015 1385 1101 historicos,

270 1122 503 1216 geographos,
529 1145 633 1210 quum
655 1143 799 1210 operose
813 1120 946 1188 firmata
961 1129 1228 1191 commentorum
1250 1141 1386 1190 suorum

270 1225 489 1294 fundamenta
509 1225 567 1294 sic·
584 1223 701 1315 spiritu
729 1223 854 1293 difflati
878 1223 1049 1292 videbunt.
1110 1223 1181 1293 Sed
1206 1223 1240 1290 in
1270 1223 1405 1292 litteris·

271 1352 373 1419 saepe
391 1330 491 1398 etiam
509 1327 674 1396 diruendo
691 1327 814 1415 aliquid
830 1326 970 1394 condas:
997 1327 1145 1416 eritque,
1172 1348 1276 1417 quum
1297 1326 1386 1396 haec

271 1430 511 1523 interpretandi
526 1432 628 1516 ratio,
655 1430 749 1498 cuius
765 1452 853 1499 nunc
868 1430 1039 1521 specimen
1051 1430 1149 1513 dedi,
1176 1453 1311 1497 omnem
1326 1453 1386 1497 ve-

270 1539 380 1602 terum
403 1535 611 1627 populorum
633 1533 881 1624 mythologiam
901 1533 1098 1618 illustrabit,
1130 1533 1209 1602 licet
1234 1555 1298 1602 nec
1318 1532 1385 1615 dei,
1469 1604 1471 1614 ,

271 1660 335 1708 nec
348 1639 504 1720 numinis,
530 1661 594 1709 noc
609 1637 780 1727 religionis
797 1636 905 1707 ullum
928 1637 961 1703 in
983 1660 1024 1704 ea
1045 1636 1385 1728 vestigiumreperia-

270 1750 333 1807 tur.
390 1739 570 1811 Caeterum
599 1763 701 1830 quam
732 1741 859 1808 infinita
888 1739 951 1808 hio
974 1739 1071 1807 bonis
1101 1739 1385 1808 observationibus

269 1842 409 1910 materia
429 1854 548 1933 parata
571 1844 630 1927 sit,
657 1865 725 1910 non
740 1843 854 1910 latebit
867 1843 922 1910 vel
939 1865 1011 1911 rem
1027 1843 1155 1933 ipsam,
1180 1845 1236 1912 vel
1262 1865 1385 1932 quaen

269 1946 365 2014 nobis
386 1945 476 2015 dicta
497 1956 586 2032 sunt,
613 1946 906 2014 considerantibus.
