3078 5026
228 345 272 408 84
313 341 369 402 DE
390 338 619 402 VERSIBVS
646 336 832 400 ssvnus
860 333 984 400 APVD
1006 332 1298 400 lsscflnnyh

229 536 335 605 qnnm
352 535 485 584 versum
501 511 598 581 illhm
625 513 660 581 in
683 512 837 605 margine
863 509 1072 600 adscriptum
1102 508 1250 591 videret,
1275 497 1341 597 pr‘o

231 617 391 686 sententia
415 637 493 684 enm
513 616 626 686 nescio
651 618 744 686 cuins
768 614 943 698 hahuisse,
969 622 1004 680 et
1022 609 1183 703 proinde,
1217 608 1340 678 additis

230 719 341 790 verbis
362 721 503 810 λέγουσι
526 719 574 792 ’δὲ
598 719 658 791 καὶ
682 717 741 794 ὅτι
753 773 766 806 ,
810 717 1050 786 commentario
1073 735 1135 784 sno
1158 713 1339 782 inseruisse.

230 823 319 891 Nam
340 830 377 889 nt
395 830 546 907 taceam,
577 844 709 890 versum
729 821 825 889 illum
852 819 988 888 omnino
1014 818 1244 909 dignissimum
1268 835 1341 884 esse

229 924 422 1013 Aeschylo,
444 924 529 1012 qnid
544 924 599 993 vel
614 925 746 1016 gravim
765 922 835 993 hoc
852 923 950 1006 loco,
976 923 1038 989 vel
1054 919 1341 991 accommodatius

184 1121 185 1124 Ἴ
231 1026 278 1095 ad
297 1050 420 1097 nexum
441 1027 597 1095 orationis
616 1027 716 1096 scribi
730 1027 856 1120 potnit,
882 1049 985 1115 qnam
1004 1023 1090 1094 hoc·

337 1182 422 1252 ΠΡ.
435 1205 479 1251 το
503 1205 554 1274 μη
546 1171 709 1271 μαθεῖν
729 1206 788 1252 οοι
812 1176 1016 1306 ιιρεῖσοονῆ
1037 1173 1174 1270 μαθεῖν
1191 1166 1291 1248 τόδε.
1392 1193 1395 1200 ⁴

283 1304 287 1312 ’
437 1281 460 1352 ἁ
454 1279 538 1354 δεῖ
551 1283 743 1374 γενεσθαι,
768 1282 889 1355 ταιῖτα
906 1280 964 1352 ιιαῖ
981 1274 1190 1378 γενήσεται.

333 1380 412 1454 m.
436 1409 488 1480 μη
504 1409 566 1456 τοι
584 1411 632 1478 με
651 1379 787 1482 ιιρόψης
810 1379 931 1473 τοῦθ’,
959 1409 1047 1478 οπερ
1060 1383 1177 1475 μελλω
1195 1383 1339 1452 παθεῖν.

232 1535 306 1606 Ιειιι
327 1537 416 1605 enim
439 1544 472 1604 et
500 1546 592 1605 recte
613 1536 794 1608 concludet
819 1536 877 1622 Io,
905 1545 938 1604 et
962 1535 1095 1602 duobus
1116 1532 1213 1602 huins
1238 1529 1343 1600 versi-

184 1642 192 1660 *
231 1641 295 1708 bns
315 1639 457 1708 totidem
475 1640 622 1708 versibus
644 1639 867 1709 Prometheus
883 1637 1110 1731 respondebit

296 1829 298 1838 ·
334 1791 374 1861 In
395 1792 654 1885 Agamemnone
675 1790 763 1863 haec
783 1793 942 1908 leguntur
963 1817 995 1902 a.
1015 1787 1102 1860 599.

185 1962 228 2024 11
277 1987 284 2004 ι
386 1943 449 2018 καί
465 1941 581 2048 τῖςμ
600 1943 752 2018 ἐνίπτων
770 1935 865 2019 εἶπε
900 1937 1117 2042 φροκτόριον
1142 1933 1204 2014 dcci

386 2044 597 2133 πεισθεῖσα,
617 2046 831 2168 Τροίαν
786 2075 868 2120 νον
873 2048 1137 2145 πεπορθῆσθαι
1163 2048 1295 2138 δοκεῖς,
1361 2099 1367 2116 .

384 2175 407 2246 η
428 2175 545 2246 ιιαρτοι
569 2142 658 2274 πρός
678 2143 862 2243 γυναικός,
877 2153 1062 2272 αἴρεσθαι
1083 2150 1180 2273 ιιέαρ.

385 2247 505 2346 λόγοις
527 2246 710 2334 τοιούτοις
725 2246 903 2350 πλαμιτος
928 2249 1003 2327 οόσ
1024 2246 1242 2350 ἐφαινόμην

314 2445 315 2450 ¹
385 2351 542 2448 doocd'
563 2355 688 2430 ἔθυον.

229 2506 327 2577 Nihil
355 2508 434 2576 est
425 2530 459 2574 nn
481 2506 551 2592 his,
584 2509 678 2597 qnod
709 2509 927 2583 desideretur.
988 2509 1067 2576 Non
1082 2506 1204 2600 inepte
1235 2511 1348 2572 tamen

219 2609 425 2700 suspicans,
451 2619 590 2699 poetam
616 2611 799 2699 scripsisse.

382 2752 501 2851 λόγοις
525 2753 709 2840 τοιούτοις
729 2751 906 2853 πλαμιτός
928 2752 1012 2831 οὖσ’
1028 2747 1243 2881 ἐφαινόμην,

382 2866 574 2932 πεισθεῖσα
597 2860 650 2955 τοῖ
671 2863 822 2958 φεροντι
845 2863 1012 2943 θέςιιελον
1036 2854 1159 2956 φοῖτιν

201 3054 204 3060 -
229 3014 339 3087 Addit
362 3011 450 3080 enim
469 3012 562 3082 hunc
586 3035 717 3082 versum
740 3015 884 3104 scriptor
911 3012 1035 3082 Christi
1055 3014 1222 3104 patientis
1229 3036 1261 3082 v
1285 3006 1346 3079 ῖ5.

230 3119 305 3208 qui,
339 3115 434 3205 quod
464 3117 540 3184 satis
567 3117 690 3184 anirum
711 3127 782 3198 est,
825 3119 932 3188 solam
962 3139 1003 3186 ex
1030 3117 1194 3208 Aeschyli
1224 3115 1347 3184 fabulis

231 3223 525 3334 Agamemnonem
548 3219 681 3289 videtur
703 3221 875 3314 cognitam
894 3220 1061 3290 habuisse.

335 3373 473 3441 Possem
494 3371 549 3440 his
578 3372 705 3442 addere
735 3374 808 3442 aha.
867 3374 986 3443 Veluti
1008 3377 1044 3444 in
1065 3374 1173 3442 Persis
1198 3368 1349 3457 divinari,

232 3477 294 3546 nisi
314 3476 434 3561 fallor,
460 3477 555 3545 locus
578 3485 707 3566 potest,
733 3477 792 3545 nbi
806 3501 919 3546 versus
940 3479 1000 3546 ille
1020 3475 1196 3564 exciderit,
1223 3496 1265 3543 ex
1280 3496 1349 3562 quo

233 3579 427 3649 scholiastes
451 3579 694 3671 HermogeniS‚
738 3580 855 3651 citatus
878 3604 899 3649 a
924 3581 1038 3650 Bastio
1065 3579 1108 3647 ad
1136 3578 1243 3669 Greg.
1269 3577 1349 3647 Cor.

157 3662 167 3690 ¹
235 3706 271 3775 p.
287 3680 373 3750 241.
388 3682 592 3752 vocabulum
612 3678 784 3766 ὑπόξυλος
805 3683 914 3752 affert.
965 3685 1177 3772 Positoque,
1203 3702 1351 3770 qnaeex

237 3785 358 3856 eadem
387 3786 504 3853 fabula
535 3787 579 3853 ab
613 3786 792 3856 Athenaeo
819 3810 856 3878 p.
880 3785 941 3855 86.
969 3788 1013 3856 Β.
1045 3793 1352 3858 commemorantur

155 3937 158 3943 -
237 3889 488 3979 corruptissima
509 3890 631 3977 verba,
656 3895 711 3970 τις
732 3882 857 3984 οῖνήρει
877 3882 943 3970 τοῖς
942 3879 1350 4007 νήσοοςιῖναριτοτρο-

239 4018 346 4088 φοος,
373 4014 518 4080 quornm
532 4001 647 4060 tamen
657 3992 813 4060 ultimum
826 3993 951 4060 recte
940 4015 976 4058 ιιι
992 3993 1112 4062 codice
1127 3990 1288 4081 scriptum
1303 3996 1352 4057 est

238 4087 544 4190 νηριτοτρόφους,
574 4117 684 4184 neque
707 4095 752 4163 ad
775 4092 1027 4184 Phnynichnm,
1061 4094 1240 4185 nequead
1264 4092 1353 4183 Epi-

239 4195 431 4279 chamum,
470 4218 580 4284 neque
606 4198 652 4266 ad
674 4197 815 4267 alteram
841 4197 1004 4290 Aeschyli
1030 4200 1208 4268 Persarum
1231 4196 1353 4267 editio-

240 4321 318 4376 nem
332 4298 519 4389 pertinere,
545 4297 607 4370 sed
621 4323 663 4370 ex
676 4324 717 4370 ea
733 4303 824 4395 ipsa,
849 4323 953 4393 qnam
968 4325 1057 4376 nunc
1071 4302 1253 4388 habemns,
1279 4298 1354 4370 edi-
