3080 5054
428 407 698 473 ιιιισιιιιιιιι
726 409 783 474 ar
810 391 995 475 ιἰιιιιιιι
1200 417 1264 482 τοι

150 543 320 672 inpriore
336 578 416 652 loco
437 579 523 650 nihil
539 583 584 651 de
599 581 707 654 Musis
721 591 783 658 aut
795 583 1006 677 nymphisz'
995 605 1030 652 m
1046 581 1153 654 altero
1175 581 1265 658 haec

150 681 375 753 inveniuntur:
417 678 577 780 νύμφαι
619 691 657 762 ἐν
683 688 868 814 ιιηρονιιφ,
899 685 944 770 oie
971 681 1061 785 πρύι
1094 681 1263 764 αἰπόλον·

150 786 260 882 σ’χρῆν
285 781 354 882 μοῖρ
381 789 515 866 εἰπεῖν,
543 818 581 861 αι
574 789 773 864 ’Μοῦσαι
800 795 832 863 οἱ
823 783 900 914 μή
918 817 973 871 τις
973 790 1191 914 περιέργως
1201 791 1265 882 (sic

45 951 49 956 .
148 889 366 958 scribendum
388 913 453 981 pro
457 891 673 1019 παρέργως)
699 919 763 972 τας
789 887 932 988 νύμφας
957 917 1080 965 αιιοοιι
1099 886 1264 976 Μούσας.

150 989 247 1064 οὗτοι
274 985 344 1087 μοῖρ
371 985 484 1074 αύτοῖς
509 999 546 1066 οἱ
570 991 689 1068 Λυδοὶ
713 993 894 1070 ναλούσιν.
945 995 1040 1064 Tum
1061 993 1239 1064 Suidam
1229 1019 1265 1066 ιιι

148 1089 386 1190 ιπνύμφαιε·
405 1094 464 1166 καὶ
498 1101 537 1168 αἱ
571 1097 725 1170 Μοῦσαι
761 1097 799 1170 δὲ
833 1091 912 1172 οπύ
942 1095 1076 1171 Avdoiv
1097 1089 1264 1193 νύμφαι,

149 1197 238 1288 quae
263 1197 383 1266 iisdem
410 1197 518 1266 verbis
544 1199 638 1291 apud
662 1199 823 1269 Photium
848 1199 1015 1293 leguntur.
1073 1199 1120 1269 Et
1152 1191 1266 1292 Hesy-

149 1300 284 1386 chium,
310 1301 368 1389 qui
394 1301 428 1369 in
453 1325 484 1368 r.
507 1298 649 1396 νύμφαι
675 1304 737 1371 ita:
770 1331 830 1374 ιιαι
821 1303 1011 1377 Μοῦσαι
1036 1301 1143 1394 θοαί,
1178 1304 1264 1372 etin

149 1426 182 1472 v.
199 1401 321 1500 νύμφη
334 1405 399 1488 sic,
426 1404 486 1475 καὶ
512 1432 533 1500 η
525 1401 701 1478 Μουσα.
753 1403 908 1494 Denique
930 1413 967 1474 ut
984 1405 1155 1490 ostendat,
1180 1428 1266 1497 pro-

147 1507 261 1598 prium
277 1505 347 1576 hoc
363 1507 506 1576 fontium
534 1509 698 1577 creditum
720 1533 807 1593 esse,
833 1519 871 1577 ut
888 1509 1000 1576 divino
1023 1507 1172 1599 quodam
1193 1506 1264 1602 spi*

148 1610 214 1680 ritu
229 1609 356 1678 animos
371 1610 543 1694 efflarent,
572 1610 611 1678 iis
627 1613 739 1694 utitur,
765 1612 893 1702 quael.
911 1611 956 1680 H.
973 1601 1109 1686 Vossius
1127 1609 1170 1678 ad
1185 1611 1265 1698 Vir-

149 1713 224 1806 gilii
236 1713 311 1782 Ecl.
326 1713 402 1782 Vll.
421 1711 481 1780 21.
508 1713 634 1798 attulit,
660 1724 694 1782 et
711 1714 773 1782 illo
790 1715 929 1804 quidem
944 1715 1153 1806 potissimum
1172 1715 1265 1800 loco,

149 1839 253 1906 quem
277 1817 368 1886 iser
395 1815 522 1906 hymno
551 1817 702 1907 quodam
725 1818 894 1910 Apollinis
918 1817 1012 1909 apud
1035 1817 1266 1912 Porphyrium

149 1917 194 1986 de
216 1927 311 1986 autro
326 1919 553 2012 nympharum
575 1943 650 2013 cap.
674 1920 767 1990 vlll.
793 1945 829 2051 p.
853 1921 888 1990 8.
913 1921 1098 2014 adscripsit
1149 1921 1266 1991 Verba

148 2021 331 2113 Porphyrii
350 2023 438 2092 haec
461 2034 548 2090 sunt:
583 2021 643 2095 ὅτι
678 2025 715 2096 δὲ
748 2025 807 2096 ιιαὶ
841 2029 921 2106 ταῖς
952 2019 1112 2118 νύμφαις
1139 2019 1266 2098 πνοαί·-

147 2133 266 2197 oseas
297 2121 433 2218 ἄντρα,
468 2123 527 2196 ιιαὶ
561 2117 703 2196 τούτων
733 2119 895 2246 μφῖλιστα
922 2133 1001 2205 ταῖς
1020 2129 1188 2214 Narseo,
1226 2131 1270 2198 αὶ

149 2223 207 2300 ἐπὶ
232 2225 351 2321 πημύν
378 2252 444 2298 εισι
454 2280 467 2313 ,
510 2221 592 2296 ιιοῖιι
602 2253 675 2298 των
701 2219 864 2352 delphicos,³
896 2219 966 2344 αφ’
977 2221 1049 2296 σύν
1076 2213 1192 2298 st'ol
1169 2221 1266 2323 ροαύ,

147 2331 285 2408 Ναΐδος
319 2327 534 2415 ἐκαλοῦντο,
570 2299 674 2450 dploi
697 2325 756 2399 καὶ
783 2321 803 2400 ὁ
830 2330 879 2406 εἰς
902 2319 1166 2400 ΗΑπύλλοινα
1142 2353 1265 2419 νμνος,

148 2424 234 2554 {th
258 2431 417 2524 λέγεται·
445 2425 560 2502 οοὶδ’
586 2427 659 2526 ἄρα
684 2421 798 2546 πηγαῖς
825 2421 1266 2550 νοιριύνύδύτωνφύμον

148 2531 316 2654 ἄντροις,
362 2531 584 2660 μίμνοφσαι,
627 2559 725 2654 φαιης
756 2523 1042 2624 α’τιταλλύμιναι
1070 2522 1265 2623 πνεύματι,

147 2627 299 2758 Μούσης
326 2637 495 2708 θέσπιν
479 2663 511 2716 ος
535 2625 672 2732 ὀμφην,
699 2629 852 2707 ταὶδΗ
831 2633 920 2729 νπὲρ
936 2627 1043 2712 οὖδας
1059 2625 1121 2706 δια
1144 2661 1267 2707 παντοι

150 2730 219 2860 νύη
243 2733 413 2862 ρηξασαι,
442 2739 639 2830 παρέχουσι
653 2742 802 2832 βροτοῖς
818 2736 993 2856 φλνκερων
1007 2733 1165 2833 ρειθροιν
1181 2733 1267 2809 οἷλι-

146 2866 222 2919 neec
246 2835 413 2936 προχούς.
474 2841 627 2932 Hymnus
652 2840 727 2925 hic,
766 2836 830 2908 nisi
855 2836 979 2906 forte
970 2839 1074 2930 ipsius
1104 2845 1152 2908 est
1178 2841 1269 2911 Por

146 2937 273 3032 phyrii,
302 2953 390 3012 certe
406 2941 496 3011 alius
506 2953 555 3012 est
572 2963 612 3012 ex
627 2941 852 3015 recentiorum
868 2940 1121 3015 Platonicorum
1136 2942 1266 3026 schola,

146 3054 184 3114 ut
209 3054 242 3114 et
273 3055 416 3113 metrum
444 3046 709 3138 anapaesticum,
749 3068 819 3136 quo
845 3055 994 3114 vetemm
1019 3041 1130 3112 nullus
1152 3045 1267 3112 intuli

146 3170 271 3238 genere
286 3150 452 3242 poematis
469 3173 546 3234 usus
566 3158 631 3233 est,
659 3160 692 3216 et
706 3147 879 3239 epitheton
897 3145 984 3214 illud
1001 3166 1163 3234 aquarum
1180 3174 1266 3220 νοε-

146 3250 241 3344 ρῶν,
267 3274 335 3341 quo
356 3251 522 3320 Platonici
542 3249 593 3317 illi
608 3249 704 3319 nimis
719 3249 981 3332 delectabantur,
1008 3245 1163 3321 ostendit
1200 3247 1266 3320 Vi-

146 3349 246 3422 detur
268 3365 380 3422 autem
401 3355 448 3424 sic
466 3353 680 3423 scribendum
703 3376 773 3468 esse
796 3351 867 3422 lroc
891 3351 1136 3444 fragmentuma

299 3506 356 3580 ool
386 3505 421 3582 δ’
446 3506 518 3603 ἄρα
540 3501 801 3604 πημαςνοοροῖν
818 3498 962 3579 ύδύτιον
1266 3515 1289 3580 θ

299 3603 437 3704 τύμον,
474 3609 621 3704 ἄντροις
646 3606 870 3700 μίμνοοοσι,
907 3605 1008 3703 γαίης

301 3708 586 3805 α’τιταλλύμιναι
603 3705 784 3803 πνεύματι
802 3703 966 3838 Μούσης

298 3816 469 3890 θύσπιν’
452 3843 485 3896 ις
500 3808 641 3910 ὀμφήν·
673 3809 794 3887 ταὶδ’
817 3810 908 3942 ύπὲρ
930 3805 1038 3890 οὖδας

301 3911 365 3989 δια
385 3945 506 3990 παντα
534 3912 628 4013 νύπη
651 3911 818 4014 ρήξαοαι,
846 3911 904 3989 αἰι
895 3912 963 4007 *J

141 4105 337 4122 ψ

184 4227 214 4301 *)
241 4223 419 4284 Buttmanno
442 4245 473 4305 p
494 4227 568 4289 490.
592 4244 651 4284 non
677 4218 848 4284 addendum
871 4217 964 4280 fuisse
992 4217 1175 4284 videbantur
1202 4215 1262 4299 αἰύ,

143 4308 227 4387 quod
243 4327 349 4369 versus
365 4321 443 4371 esset
457 4310 673 4390 paroemiacus.
704 4310 859 4370 Fortasse.
884 4306 976 4368 modo
996 4317 1164 4387 constaret,
1188 4326 1262 4388 quas

141 4389 194 4453 hic
208 4403 303 4476 poeta
321 4399 410 4456 metri
423 4397 503 4475 leges
523 4405 602 4456 esset
613 4403 768 4476 sequutus.

956 4476 1042 4550 Ta
