3058 5046
542 328 873 440 orss'snramo.
1190 375 1257 442 aoo

108 615 118 640 ,
142 553 235 614 turus
255 544 337 616 ciat
386 543 443 614 Eo
464 547 557 616 venit
577 548 620 616 in.
636 546 754 616 itinere
770 547 871 616 etiam
893 545 1050 636 Perseus,
1075 553 1110 615 et
1126 545 1162 614 in
1177 551 1304 616 eet-lt

143 649 266 717 tamine
281 648 477 740 imprudens
491 651 636 742 percutit
656 649 781 742 pedem
794 651 1029 742 Inseparantii,
1055 673 1125 739 quo
1146 649 1257 720 iotuis

142 752 240 844 perit.
291 753 356 820 llle
378 754 493 845 agnito
516 777 618 842 quern
640 753 832 839 occidisset,
858 754 977 845 sepelit
999 769 1093 840 eum,
1120 761 1171 839 et,
1196 776 1258 822 ve-

142 857 223 924 ritus
247 876 391 947 regnum
417 857 484 925 eius
505 879 668 948 poscere,
693 856 788 946 quod
812 856 1054 926 hereditarium
1082 855 1146 946 ipsi
1172 865 1257 942 erat,

147 957 334 1054 Τίρυνθα,
369 959 576 1045 Tortnmm,
607 983 643 1028 se
668 960 801 1030 confert
821 960 865 1029 ad
887 959 997 1028 lilium
1016 957 1258 1041 Proficiscentii

142 1063 411 1159 Μεγαπένθην,
438 1063 712 1148 Perdolentinm‚
747 1085 825 1133 cunr
846 1067 956 1152 eoque'
979 1071 1083 1130 sortes
1104 1083 1260 1132 commn-

141 1172 208 1248 tat,
234 1173 271 1231 ut
291 1164 319 1233 is
343 1161 464 1255 Argis,
491 1169 558 1235 sive
580 1165 734 1251 Micnae,
768 1167 842 1257 ipse
865 1175 977 1235 autem
1000 1165 1175 1233 Tortonae
1193 1165 1260 1232 irn-

141 1275 257 1358 peret,
276 1269 498 1338 communitis
515 1269 657 1362 Μιδιίᾳ
674 1279 708 1337 et
718 1263 875 1365 Μοιήνγι
884 1325 898 1357 ,
924 1268 1030 1337 Pissia
1044 1277 1078 1336 et
1093 1268 1260 1352 Petelina,

142 1370 291 1438 urbibus.
342 1371 395 1438 lbi
418 1382 594 1467 nascuntur
612 1373 642 1438 ei
660 1393 702 1440 ex
721 1372 878 1462 Virirega
898 1368 1086 1459 Ἀλιιαΐος,
1112 1362 1260 1444 Σθένε-1

143 1477 219 1560 λος,
265 1470 432 1564 Ἕλενος,
484 1469 672 1571 Μήστωρ,
724 1467 976 1570 Ἠλεκτρύων,
1028 1466 1259 1568 Γοργοφόνη,

143 1572 297 1665 Opitius,
324 1575 493 1661 Valerius,
520 1576 647 1667 Capio,
673 1577 882 1668 Capessitor,
908 1575 1142 1659 Exercitanus,
1166 1575 1261 1643 Tru-

142 1678 232 1746 cida.
285 1677 379 1758 Nihil
395 1681 487 1750 aliud
503 1679 556 1747 his
572 1680 775 1765 continetur,
797 1702 899 1769 quam
923 1701 1073 1748 reversos
1088 1679 1166 1746 illos
1178 1701 1260 1764 esse,

141 1781 202 1869 qui
236 1779 317 1848 olim
346 1783 436 1873 pulsi
468 1793 502 1852 et
530 1799 550 1850 a
576 1782 692 1874 piratis
719 1784 810 1874 capti
841 1783 991 1868 fuerant,
1023 1804 1196 1872 quumque
1225 1782 1261 1849 in

141 1883 259 1951 itinere
283 1883 499 1956 devenissent
536 1888 579 1955 ad
604 1888 740 1978 ignotos
769 1887 935 1976 quosdam
963 1885 1127 1970 advenas,
1166 1885 1261 1978 inpe-

142 1986 227 2055 nisse
247 1987 294 2054 ibi
315 1988 409 2076 illos,
436 1991 596 2079 aquibus
619 1991 751 2058 fuerant
774 1991 888 2058 eiecti:
913 1989 950 2056 hi
968 1990 1057 2057 enirn
1076 1989 1136 2057 ubi
1150 1989 1262 2057 redire
1346 2047 1354 2056 .

142 2090 220 2156 illos
244 2091 455 2178 audiverant,
492 2093 572 2160 alias
602 2093 698 2160 sedes
727 2095 913 2180 quaesitum
935 2093 1045 2176 ibant,
1079 2092 1261 2160 vindictam

142 2201 338 2262 metuentes.
390 2196 444 2264 Ibi
458 2217 537 2263 casu
557 2215 614 2262 eos
630 2195 680 2261 illi
692 2195 880 2285 impediunt
903 2192 1208 2284 aprogrediendo:
1235 2194 1263 2260 is

143 2304 194 2363 est
222 2319 263 2365 ex
291 2297 389 2387 pedis
421 2297 650 2366 vulneratione
682 2297 849 2365 interitus:
889 2295 1023 2388 pudore
1050 2305 1164 2362 tamen
1194 2317 1262 2363 non
1378 2311 1381 2320 ·

141 2399 251 2489 ipsam
270 2400 414 2489 patriam
434 2407 530 2466 ‘suani
552 2408 725 2489 repetunt,
753 2399 813 2466 sed
835 2399 879 2466 ad
899 2421 957 2466 eos
971 2399 1155 2490 populares
1175 2420 1263 2481 suos,

143 2501 203 2590 qui
225 2510 345 2592 sponte
369 2503 534 2585 abierant,
560 2501 744 2587 accedunt,
770 2523 855 2590 quos
872 2501 1042 2570 inveniunt
1060 2499 1150 2569 male
1171 2500 1264 2568 affli-
1287 2533 1300 2581 t

142 2613 215 2675 ctos
239 2614 272 2672 et
295 2604 446 2674 dolentes
468 2605 597 2673 infelici
617 2605 837 2696 profectionis
860 2627 938 2672 suae
969 2625 1135 2672 successu.
1193 2604 1264 2671 lta-

143 2731 209 2797 que
231 2710 403 2792 convenit,
437 2718 475 2778 ut
501 2708 539 2775 hi
564 2710 599 2776 in
631 2709 801 2798 antiquam
833 2709 978 2800 patriam
1004 2707 1159 2792 redeant,
1199 2708 1265 2798 ipsi

143 2819 256 2878 autem
286 2807 410 2880 horum
430 2812 526 2880 sedes
551 2822 729 2902 occupent.
789 2813 836 2880 Et
858 2807 1017 2902 qnoniam
1042 2811 1154 2879 multis
1184 2834 1265 2881 cum

144 2913 264 2982 divitiis
287 2915 506 3000 advenerant,
534 2916 743 2984 communitis
764 2917 903 2985 urbibus
924 2926 1020 2983 antea
1041 2915 1177 2984 vicatim
1199 2913 1265 2982 ha-

144 3017 253 3086 bitatis
277 3041 341 3088 nec
366 3019 500 3087 moenia
520 3018 741 3105 habentibus,
776 3041 859 3110 opes
887 3019 966 3104 sibi,
1007 3027 1042 3083 et
1065 3019 1264 3108 potentiam,

145 3127 180 3188 et
203 3115 433 3211 amplificandi
452 3124 550 3212 regni
573 3123 727 3213 copiam,
769 3132 803 3188 et
823 3145 909 3190 nova
931 3120 1097 3187 moliendi
1118 3118 1266 3188 faculta-

143 3230 229 3307 tem,
256 3225 538 3316 etbelllgerandi
561 3227 807 3308 strenuitatem,
834 3224 980 3312 denique
1003 3224 1107 3315 etiam
1123 3223 1265 3292 classem

143 3335 273 3416 parant.
332 3327 432 3398 Haeo
458 3335 508 3395 est
538 3326 627 3394 eninr
653 3319 893 3424 Γοργοφόνη,
936 3336 1041 3419 nupta
1070 3320 1264 3424 Περιήρει,

141 3429 346 3499 Praeremio.

123 3648 131 3658 ²
247 3636 321 3706 Iam
338 3631 509 3716 Ἀλκαῖος
532 3643 566 3703 et
587 3627 809 3731 Ἱππονόμη,
848 3631 982 3725 Opitius
1006 3641 1041 3702 et
1057 3629 1264 3722 Eqnipasea,

143 3737 215 3806 lilia
232 3741 460 3825 Μενοικέως,
486 3737 656 3820 Domitui,
680 3729 946 3832 Ἀμφιτρύωνα
968 3744 1001 3804 et
1021 3729 1165 3816 Ἀναξώ
1179 3755 1265 3828 pro-

145 3845 281 3926 creant,
314 3843 495 3910 Amtruum
520 3849 554 3908 et
577 3838 751 3929 Subigam.
810 3839 914 3922 Domi
941 3839 1148 3906 manentium
1176 3839 1266 3908 enirn

145 3954 214 4027 est,
241 3967 345 4032 equos
369 3946 459 4013 alere
478 3945 537 4035 opi
556 3941 717 4017 ferendae
734 3939 946 4027 hominibus,
973 3943 999 4009 si
1013 3941 1106 4009 domi
1128 3941 1173 4010 ad
1187 3945 1266 4012 cur*

144 4069 220 4114 sum
246 4046 463 4120 instituantur.
528 4047 599 4114 Nisi
629 4047 739 4112 verius
763 4045 975 4130 Pheneatae,
1021 4056 1058 4112 ut
1085 4044 1266 4114 Pausanias

146 4158 259 4222 narrat
277 4149 370 4216 Vlll.
399 4149 467 4231 14,
494 4148 529 4214 2.
555 4141 775 4244 Λαονόμην,
806 4149 1065 4238 Poplipascam‚
1091 4151 1258 4239 Γουνέως
1341 4201 1345 4210 ·

146 4251 362 4337 Fecundam,
395 4252 518 4333 filiam,
551 4272 691 4316 uxorem
718 4250 836 4324 Alcaei
864 4250 963 4320 fuisse
986 4251 1162 4337 dixerunt,
1196 4272 1265 4341 quo

62 4350 72 4368 '
148 4365 305 4446 apertum
332 4363 381 4424 est
400 4362 533 4424 auctam
554 4351 802 4422 multitudinem
827 4347 1030 4442 bominum,
1054 4365 1087 4424 et
1103 4355 1184 4425 inde
1206 4375 1266 4424 ex·

135 4432 140 4441 ’
200 4459 323 4528 nara.
358 4457 426 4533 οι».
459 4458 504 4526 ιι.
583 4543 587 4548 l
1042 4457 1076 4528 o
