3058 5046
278 391 344 454 ιιι
504 385 717 448 canavas
736 383 897 450 novas
917 349 1159 448 ammonas

278 568 342 644 tur,
366 557 558 647 quostatim
578 565 759 649 appareat,
784 579 887 648 quam
908 557 1038 652 ingenti
1052 577 1192 627 numero
1209 557 1392 626 verborum

279 671 377 732 auch
397 661 437 730 sit
452 660 541 730 haee
561 661 685 732 editior
710 659 770 729 sed
790 661 825 728 in
845 670 936 731 textu
962 664 1117 751 notisque
1136 660 1222 728 nihil
1236 660 1394 730 intererat

277 767 458 852 iectomm,
483 774 595 833 utrum
615 764 683 832 iam
703 787 724 830 a
738 764 914 855 Stephano
927 764 1015 838 haec
1035 765 1212 850 vocabula,
1238 786 1283 831 au
1302 785 1393 833 nuuc

272 868 417 938 demum
442 874 579 959 recepta
600 873 717 953 essent.
948 891 951 898 ·

380 1072 493 1142 Multo
514 1072 613 1164 plura
635 1080 726 1160 sunt,
752 1094 842 1163 quae
860 1071 993 1141 brevius
1015 1069 1084 1142 dici
1109 1078 1144 1139 et
1164 1072 1332 1162 potuisse,
1360 1078 1394 1139 et

279 1197 359 1246 vero
390 1176 545 1244 debuisse
568 1184 735 1267 putemus.
794 1177 851 1245 Eo
883 1175 1058 1244 referimus
1087 1171 1147 1243 illa
1171 1175 1392 1266 potissimum,

277 1303 365 1370 qnae
395 1278 553 1350 Editores
585 1288 721 1371 praeter
749 1279 977 1348 necessitatem
1002 1277 1081 1368 ipsis
1110 1278 1220 1346 verbis
1242 1277 1392 1346 virorum

279 1383 480 1470 doctorum,
506 1405 591 1472 quos
615 1391 770 1452 auctores
790 1381 970 1466 adhibent,
996 1380 1250 1472 adscripserunt
1302 1381 1393 1448 Nam

278 1486 339 1556 etsi
362 1486 397 1553 in
421 1485 609 1553 universum
633 1483 720 1552 illud
744 1484 845 1554 valde
869 1486 1068 1577 probamus,
1100 1483 1195 1574 quod
1220 1484 1325 1551 verba
1347 1481 1393 1549 il-

276 1589 389 1657 lorum
412 1589 542 1680 potius,
569 1611 670 1677 quam
694 1596 841 1656 mentem
867 1586 1093 1656 exhihendam
1118 1586 1295 1674 duxerunt,
1322 1607 1392 1673 qno

276 1693 397 1762 certius
421 1691 602 1761 lectoribus
631 1690 675 1758 de
699 1713 834 1780 quaque
858 1713 896 1760 re
922 1697 1104 1774 constaret,
1135 1695 1247 1778 neque
1271 1687 1393 1756 erroris

277 1794 396 1880 aliqua
414 1793 559 1884 suspicio
585 1793 852 1862 suhnasoeretur:
876 1803 989 1860 tamen
1011 1792 1118 1859 multo
1131 1791 1202 1860 hoc
1223 1814 1302 1860 cum
1329 1790 1392 1860 de·

276 1895 376 1970 lectu,
388 1895 581 1964 faciendum
602 1896 702 1963 fuisse
722 1915 909 1979 censemus,
934 1917 978 1962 ne
998 1894 1098 1962 etiam
1120 1917 1160 1962 ea
1182 1893 1393 1978 afferrentur,

274 1998 397 2088 quihus
429 1997 524 2065 haud
554 2019 658 2088 aegre
689 1997 823 2066 carituri
856 2001 965 2066 essent
995 1995 1150 2064 lectores.
1202 1995 1391 2066 'Eiusmodi

276 2111 350 2170 sunt
363 2102 524 2169 verbosae
537 2099 706 2188 quaedam
726 2099 957 2168 adnotationes
972 2097 1285 2190 Schweighauseri
1311 2087 1394 2191 quas

276 2203 335 2272 hio
354 2203 496 2294 repeti,¹
513 2211 553 2271 ut
576 2225 613 2294 p.
636 2198 697 2271 55.
718 2211 819 2292 atque
841 2203 939 2288 aiibi,
978 2201 1139 2293 profecto
1168 2202 1285 2270 inutile
1312 2211 1392 2270 orat

276 2308 392 2397 Atque
412 2305 547 2374 omnino
573 2305 745 2374 laudanda
765 2305 903 2395 quidem
927 2325 1138 2396 magnopere
1164 2314 1214 2374 est
1242 2308 1393 2395 aequitas
1432 2383 1434 2386 ,

275 2411 354 2496 iila,
393 2409 539 2499 quaein
562 2407 679 2477 litteris
704 2429 772 2477 non
802 2408 876 2499 quis
904 2407 1062 2497 aliquid,
1084 2405 1145 2475 sed
1182 2407 1266 2496 qnid
1299 2409 1393 2498 quis--

276 2537 344 2603 que
361 2513 496 2598 dixerit,
522 2510 742 2603 spectandum
762 2521 876 2603 putat·
901 2511 962 2580 sed
978 2513 1024 2579 ob
1044 2509 1134 2580 hanc
1155 2509 1264 2603 ipsam
1278 2515 1393 2580 tainon

276 2638 426 2686 caussam
446 2562 609 2683 veilemus
640 2616 772 2705 aliquot
795 2615 880 2684 locis
906 2633 975 2682 nou
997 2619 1071 2682 esse'
1090 2614 1280 2705 promiscue
1302 2636 1392 2704 quo-

274 2739 496 2805 rumcumque
522 2716 700 2788 hominum
722 2717 827 2786 verba
848 2717 960 2786 allata.
1021 2717 1079 2789 Sro
1104 2738 1141 2808 p
1162 2712 1223 2786 54.
1258 2739 1327 2788 cur
1346 2716 1393 2785 ad

275 2821 380 2889 verba
404 2817 586 2910 Sapphus,

534 2965 603 3067 ἐγω
632 2971 670 3046 di
694 2970 826 3096 φίλημ’
850 2969 1081 3069 αβροσύιαν,
1130 2960 1133 2965 ’

534 3073 598 3150 καί
618 3100 686 3169 μοι
711 3103 756 3149 το
783 3071 999 3198 λαμπρον
977 3105 1058 3173 apoc
1147 3136 1154 3161 s

534 3173 640 3253 αἰλίσι
666 3178 726 3251 καὶ
751 3207 794 3254 so
822 3173 931 3255 καλου
957 3182 1122 3274 λέλογχε,
1202 3241 1206 3249 s

273 3329 340 3422 (ita
361 3328 449 3398 enim
466 3329 520 3398 1ιί
525 3331 700 3417 versiculi,
733 3333 761 3402 si
778 3334 827 3403 sic
848 3333 978 3425 scripsit
995 3333 1159 3426 Sappho,
1192 3329 1390 3423 disponendi

275 3433 367 3525 sunt)
393 3434 496 3503 verba
511 3435 656 3505 adscribi
672 3457 759 3527 opus
777 3444 848 3504 erat
868 3437 1027 3529 Vulgari,
1053 3461 1121 3506 non
1139 3435 1245 3505 modo
1260 3455 1391 3504 sensum

276 3538 499 3630 explanantis,
540 3540 598 3628 qui
617 3539 695 3606 sads
721 3538 841 3628 planus
865 3538 973 3610 factus
995 3549 1066 3610 erat
1080 3549 1150 3626 eo,
1182 3539 1277 3629 quod
1304 3538 1388 3606 intc-

274 3663 376 3734 gmm
397 3641 575 3727 Clearchi‚
610 3643 668 3731 qui
695 3641 784 3712 haec
811 3641 927 3729 affert,
960 3643 1077 3712 locum
1100 3643 1257 3712 Editores
1278 3661 1390 3732 appo-

275 3755 426 3830 suerant,
461 3745 521 3812 sed
543 3745 630 3814 falso
651 3745 753 3814 etiam
767 3745 1015 3831 contendentis,
1056 3747 1201 3865 is'ioygs
1221 3745 1316 3834 quod
1341 3743 1390 3812 bis

274 3847 418 3939 bilorna
433 3848 594 3938 scriptum
609 3847 779 3932 videmus,
811 3857 850 3916 ut
867 3851 962 3941 apud
984 3847 1256 3938 Blomiieluhnm)
1283 3846 1391 3916 active

276 3946 407 4016 dictum
432 3951 529 4020 esse?
579 3951 671 4020 Huic
703 3951 876 4046 Volgoro,
915 3953 973 4041 qui
1002 3950 1267 4022 dissuadentibus
1296 3949 1392 4017 nobis

276 4048 384 4118 edidit
407 4053 598 4145 fragmenta
628 4053 812 4144 Sapphus,
853 4054 1010 4124 Editores
1035 4055 1203 4124 Thesauri
1226 4053 1326 4121 etiam
1356 4052 1391 4118 in

123 4211 127 4218 .
275 4151 376 4218 rebus
402 4157 548 4226 metricis
577 4157 704 4248 aliquid
725 4157 872 4226 tribuere
895 4159 1069 4244 videntur,
1102 4168 1142 4226 ut
1161 4179 1202 4225 ex
1225 4163 1271 4224 'eo
1292 4153 1391 4225 colli-

275 4255 406 4347 gimus‚
430 4259 527 4345 qnod
539 4262 575 4328 in
589 4262 804 4330 adnotatione
822 4261 972 4334 subiecta
995 4263 1049 4331 his
1070 4262 1178 4329 verbis
1201 4259 1275 4327 cius
1295 4279 1398 4326 mon-.

165 4435 168 4444 λ
275 4359 404 4427 tionem
417 4359 563 4432 faciunt:
587 4363 740 4452 „Vemm
753 4363 787 4434 in
807 4364 962 4437 ordinem
974 4362 1181 4458 redigendos
1200 4361 1273 4432 aliis
1290 4361 1394 4432 r'elin-
