3058 5046
175 1323 255 1424 DE
293 1339 345 1424 R.
386 1321 682 1429 BENTLEIO
722 1339 977 1451 EIVSQVE
1009 1334 1291 1430 EDITIONE

341 1485 617 1589 TERENTII
646 1501 1045 1594 DISSERTATIO
1074 1501 1128 1615 l).

175 2082 233 2190 R.
259 2117 451 2186 Bentleium
472 2107 682 2210 quantopere
704 2117 865 2202 admirer,
893 2117 1074 2187 Candidati
1094 2119 1317 2190 humanissi-il
1423 2145 1427 2154 ·

176 2220 240 2307 mi,
267 2244 372 2310 quum
395 2222 582 2313 inscriptis
605 2223 688 2290 meis
714 2243 817 2312 saepe
842 2221 1030 2306 declaravi,
1056 2231 1129 2290 tum
1151 2224 1294 2292 iisciunt

178 2348 311 2409 omnes,
338 2326 397 2414 qui
410 2324 467 2393 vel
486 2325 611 2395 scholis
631 2323 714 2392 meis
736 2325 792 2390 vel
813 2323 969 2391 familiari
988 2325 1229 2394 consuetudine
1244 2328 1294 2396 usi

178 2437 272 2497 sunt:
306 2427 490 2518 habeoque
511 2451 586 2496 earn
616 2427 870 2496 admirationem
892 2427 987 2515 quasi
1006 2427 1245 2496 hereditariam
1272 2454 1293 2498 a

175 2541 401 2624 praeceptore
420 2554 524 2616 meo,
557 2531 689 2600 Frider.
712 2529 818 2623 Volg.
852 2530 990 2616 uenio,
1024 2531 1082 2620 qui
1111 2555 1293 2622 numquam
1412 2599 1413 2603 ,

175 2635 369 2704 nominabat
390 2636 601 2722 Bentleium,
626 2635 688 2704 nisi
708 2657 785 2703 cum
809 2633 925 2723 aliqua·
940 2635 1146 2704 reverentiae
1163 2636 1293 2728 signifi-

177 2739 327 2824 catione,
366 2749 562 2829 tantumque
585 2739 617 2808 ei
644 2740 829 2821 tribuebat,
864 2747 902 2807 ut
924 2761 1002 2808 eum
1030 2738 1203 2830 discipulis
1228 2741 1293 2812 suis

175 2852 348 2932 tamquam
385 2843 666 2934 perfectissimum
705 2842 811 2918 critici
851 2843 1043 2933 exemplum
1072 2856 1292 2937 proponeret.

176 2945 282 3031 Quod
301 2946 363 3015 viri
387 2947 497 3014 eximii
516 2947 677 3018 iudicium
701 2969 806 3036 quum
822 2944 907 3014 mihi
927 2947 1135 3016 verissimum
1154 2972 1224 3018 esse
1240 2949 1292 3016 vi-

176 3049 313 3134 deatur,
346 3051 436 3121 facio
460 3073 528 3141 ego
552 3051 690 3140 quidem
708 3050 821 3132 idem,
854 3057 893 3116 ut
914 3049 1199 3136 adolescentibus,
1234 3052 1293 3140 qui

177 3154 374 3242 antiquitatis
395 3154 518 3220 studia.
533 3161 781 3236 consectantur,
823 3151 1015 3218 Bentleium
1039 3174 1123 3242 prae
1145 3144 1292 3225 caeteris

176 3256 299 3327 ducem
322 3255 578 3340 commendem,
610 3264 839 3323 verumtamen
862 3253 909 3320 ita
928 3251 965 3320 id
985 3255 1099 3326 faeere
1122 3258 1291 3344 consuevi,

175 3368 213 3430 ut
231 3362 330 3452 simul
353 3367 418 3428 eos
433 3383 607 3455 moneam,
631 3381 693 3442 ne,
719 3359 746 3425 si
763 3359 853 3426 viam
867 3357 1057 3427 inveniendi
1077 3363 1148 3428 veri
1159 3371 1291 3452 rectam

175 3466 218 3531 ab
239 3486 281 3531 eo
306 3455 369 3532 sihi
390 3451 564 3531 monstrari
584 3463 736 3548 videant,
763 3462 920 3530 continuo
943 3464 1060 3548 etiarn,
1086 3486 1175 3552 quae
1194 3458 1290 3532 invess

173 3567 258 3634 nerit
273 3569 330 3635 ille
345 3566 412 3634 hac
434 3569 507 3652 via,
533 3590 613 3635 vera
634 3589 705 3634 esse
726 3565 882 3648 credant,
909 3564 969 3632 sed
992 3565 1128 3656 potius,
1152 3588 1290 3636 conser-

174 3679 251 3738 vata
281 3671 434 3761 libertate
460 3670 650 3757 iudicandi,
683 3669 804 3738 eadem
829 3668 901 3754 via,
938 3691 981 3737 an
1002 3663 1068 3737 ille'
1084 3671 1289 3748 aberraverit

174 3796 314 3860 aveto,
341 3775 535 3866 perspicere
563 3773 725 3842 studeant.
776 3774 832 3841 De
852 3794 919 3866 qua
939 3795 976 3840 re
1000 3772 1288 3868 operaepretium

170 3879 289 3969 putavi
303 3879 421 3968 paucis
442 3903 627 3970 exponere,
651 3879 848 3970 praesertim
870 3898 976 3966 quum
997 3875 1132 3956 videam
1154 3876 1290 3947 Frider.

171 3982 263 4074 Aug.
288 3982 469 4070 Wolfium,
496 3985 608 4073 quiin
625 3983 797 4056 Analectis
820 3981 986 4052 litterariis
1008 3981 1076 4050 vol.
1097 3983 1124 4058 l,
1145 3981 1290 4078 egregie

208 4302 238 4382 *)
261 4301 349 4364 Edita
372 4313 416 4364 est
443 4326 468 4370 a.
495 4309 583 4372 1819.
