3120 5030
199 321 225 386 Β
553 317 612 379 DE
646 316 951 382 ARGVMENTIS

303 487 401 558 llaec
422 489 559 579 quidem
574 500 716 582 propter
730 489 953 562 Huschldum.
990 491 1110 583 Nuper
1125 513 1207 560 vero
1229 490 1311 560 alius

203 601 335 662 exortus
356 602 405 660 est
426 591 561 688 Orphei
583 594 759 678 defensor,
788 596 890 668 Bem.
909 593 1043 667 Ludos.
1064 594 1313 686 Koenigsman-

201 715 280 778 nus,
311 693 478 765 Athenaei
511 695 760 788 Flenopolitani
784 709 914 782 rector,
947 697 1006 787 qui
1030 697 1201 787 superiore
1226 719 1313 766 anno

203 797 344 867 Slesvici
380 798 487 866 edidit
518 798 780 868 dissertationem
809 799 854 867 de
889 809 997 868 aetate
1031 799 1182 870 carminis
1214 800 1313 892 epici,

203 901 298 990 quod
315 900 377 969 sub
392 899 526 993 Orphei
548 904 682 972 nomine
699 902 941 972 circumfertur.
992 903 1062 972 Hic
1084 903 1222 992 quidem
1244 902 1314 972 hoe

168 1013 171 1020 “
204 1027 340 1072 carmen
359 996 444 1095 post
460 1004 653 1074 Nicatorem
670 1006 849 1078 Seleucum
871 1015 905 1073 et
924 1004 1131 1074 Antiochum
1145 1005 1313 1090 Soterem,

203 1107 265 1180 sed
280 1115 356 1175 ante
369 1105 591 1197 Apollonium
611 1117 712 1197 atque
728 1107 997 1192 Eratosthenem,
1026 1107 1174 1196 ideoque
1195 1109 1335 1176 Ptole-·

202 1210 292 1279 maei
310 1208 533 1300 Philadelphi
557 1221 625 1279 tem
653 1213 764 1280 oribus
787 1211 947 1301 scriptum
972 1233 1060 1294 esse,
1095 1210 1206 1301 primo
1228 1231 1315 1302 geo-

203 1309 376 1404 graphicis
394 1311 591 1398 rationibus,
618 1234 741 1383 deinde
765 1337 807 1384 ex
827 1335 888 1398 eo,
913 1311 1008 1401 quod
1029 1313 1230 1403 Apollonius
1244 1311 1315 1382 Or·-

203 1414 334 1506 pheum
361 1413 504 1482 imitatus
525 1417 583 1502 sit,
621 1416 765 1505 denique
787 1438 828 1486 er
848 1415 999 1484 oratione
1015 1413 1148 1506 Orphei
1169 1415 1313 1484 demon-

204 1526 308 1585 strare
329 1526 466 1586 conatus
488 1529 548 1586 est.
600 1519 703 1604 Quod
727 1519 787 1588 ille
806 1541 874 1608 quo
891 1541 1045 1589 successu
1067 1517 1200 1602 fecerit,
1225 1541 1327 1609 pau-x

205 1620 252 1690 cis
284 1615 458 1690 declarare
494 1622 621 1689 animus
651 1631 710 1697 est.
768 1622 815 1690 Et
848 1621 1026 1714 regionum
1058 1618 1198 1710 quidem
1228 1620 1317 1689 noti-

203 1723 303 1808 tiam,
329 1745 469 1812 quarum
485 1725 688 1792 mentionem
707 1724 789 1792 lucit
802 1723 981 1814 Orpheus,
1005 1733 1099 1791 tanto
1123 1724 1231 1815 magis
1249 1724 1317 1792 mi-

203 1847 262 1894 ror
276 1848 297 1892 a
309 1825 582 1917 Koenigsmanno
596 1827 640 1895 ad
656 1826 745 1896 hane
763 1825 1020 1918 disputationem
1036 1825 1221 1896 adhibitam
1236 1848 1317 1910 esse,

205 1927 300 2016 quod
322 1927 392 1996 hoc
411 1937 518 1998 totum
533 1939 805 2022 argumentorum
820 1952 946 2022 genus,
972 1929 1089 2017 siquis
1108 1950 1150 2000 eo
1172 1927 1324 2018 untiqui-,

204 2039 310 2098 tatem
338 2033 509 2121 scriptoris
535 2035 682 2123 probare
703 2033 828 2117 uellet,
863 2056 884 2100 a
914 2051 970 2101 me
994 2054 1129 2123 prorsus
1156 2033 1317 2102 reiectum

205 2141 286 2202 erat.
338 2133 398 2203 Sic
415 2135 503 2202 euim
522 2146 716 2226 comparata
730 2145 780 2205 est
801 2135 889 2206 haec
911 2137 1018 2204 omnis
1030 2135 1134 2218 ratio,
1159 2143 1318 2222 utquam

204 2257 320 2304 recens
335 2236 377 2302 sit
391 2237 510 2326 aliquis
522 2239 681 2330 scriptor,
705 2240 852 2331 probare
865 2239 981 2330 possit,
1007 2259 1074 2304 non
1088 2237 1187 2320 item,
1213 2257 1318 2325 quum

204 2339 246 2408 sit
261 2337 430 2428 antiquus:
453 2341 548 2430 quod
569 2341 719 2412 nondum
739 2352 875 2433 reperta
889 2343 974 2410 scire
987 2361 1087 2409 nemo
1107 2348 1236 2432 potest3
1261 2361 1319 2406 re-

203 2452 302 2542 perta
322 2453 433 2511 autem
454 2445 511 2514 vel
530 2446 706 2538 ignorare,
731 2447 788 2516 vel
806 2446 958 2516 notitiam
979 2466 1096 2513 eorum
1112 2441 1318 2510 dissimulare

204 2554 317 2636 potest
332 2545 455 2632 quivis,
468 2550 674 2636 praesertim
693 2559 815 2638 poeta,
840 2549 935 2634 isque
954 2554 988 2611 et
1007 2545 1222 2632 antiquissimi
1235 2543 1318 2614 scri-

204 2646 311 2739 ptoris
334 2667 511 2736 personam
539 2648 710 2732 mentitus,
748 2656 782 2716 et
811 2670 852 2713 ea
879 2654 1006 2713 tantum
1029 2646 1196 2731 referens,
1232 2669 1320 2736 quae

206 2748 299 2841 prius
322 2750 365 2815 ab
382 2749 454 2816 aliis
468 2749 588 2818 tradita
604 2761 706 2818 eraut.
758 2747 890 2834 Quodsi
909 2771 949 2816 ea
965 2748 1096 2832 omnia,
1121 2771 1208 2838 quae
1221 2749 1319 2817 Koe-

206 2852 420 2942 uigsmannus
440 2873 666 2944 magnacum
696 2852 868 2922 doctrinae
899 2860 1064 2941 apparatu
1089 2850 1134 2919 de
1164 2853 1320 2921 locomm

208 2955 289 3039 situ,
324 2975 469 3042 quorum
493 2956 531 3022 fit
552 2959 678 3025 mentio
699 2956 734 3023 in
760 2953 895 3046 Orphei
922 2954 1175 3045 Argonauticis,
1212 2953 1318 3022 disse-

207 3057 291 3143 ruit,
332 3067 370 3126 ut
390 3057 512 3126 frustra
544 3058 727 3149 disputata,
760 3080 896 3150 prorsus
922 3057 1147 3147 praeteriero,
1181 3064 1320 3131 nonest

196 3159 293 3256 'milri
311 3159 524 3244 verendum,
538 3162 676 3254 opinor,
707 3185 750 3230 ne
775 3161 962 3230 detrectare
985 3160 1094 3252 magis
1115 3160 1237 3228 harum
1263 3181 1320 3227 re-

98 3299 101 3304 ·
208 3284 284 3331 rum
305 3265 639 3354 pervestigationem,
668 3288 771 3355 quam
796 3264 944 3333 refutare
970 3285 1049 3331 eum
1073 3264 1162 3332 velle
1191 3250 1319 3338 videar.

210 3367 264 3436 Ac
283 3387 365 3447 ‚sane
384 3387 487 3453 quum
504 3366 587 3435 duas
609 3379 720 3457 partes
741 3367 955 3436 habeateius
974 3365 1174 3458 disputatio,
1208 3385 1320 3449 unam,

163 3480 279 3558 loqua
308 3490 413 3558 usque
438 3468 483 3536 ad
512 3492 548 3560 p.
572 3469 632 3538 26.
662 3470 783 3554 docet,
822 3467 1003 3560 Orpheum
1041 3480 1119 3559 post
1153 3468 1321 3558 Pytheam

208 3571 452 3642 Massiliensem
466 3571 594 3657 vixisse,
620 3574 770 3656 alteram,
795 3595 863 3662 qua
879 3573 1016 3640 efficere
1039 3572 1165 3655 studet,
1191 3581 1228 3637 ut
1243 3592 1321 3638 eum

209 3673 434 3743 Eratosthene
455 3675 618 3746 iuniorem
634 3700 716 3746 esse
737 3675 933 3760 credamus,
953 3673 1004 3744 de
1016 3676 1130 3767 priore
1147 3684 1244 3764 parte
1265 3671 1320 3738 la-

211 3776 277 3846 cile
303 3777 516 3870 intelligitur,
561 3778 646 3846 nihil
675 3803 763 3862 esse,
806 3777 900 3868 quod
930 3799 1008 3847 cum
1039 3799 1081 3845 eo
1118 3776 1320 3867 disceptemz

210 3903 416 3969 quamquam
445 3902 513 3948 non
541 3881 662 3966 laudo,
702 3879 796 3970 quod
818 3903 923 3970 quum
952 3878 1059 3948 Andr.
1094 3878 1256 3961 Schottus
1286 3878 1321 3944 in

212 3982 349 4074 Orphei
371 4004 402 4052 v.
415 3981 525 4051 1164.
542 3983 646 4054 Gesn.
661 3991 854 4074 corruptam
869 3983 1049 4052 lectionem
1061 3974 1206 4077 νήεσσιν
1226 3985 1320 4074 ipru-

212 4078 316 4160 νήσιν
337 4085 464 4176 optime
486 4087 520 4154 in
541 4079 703 4183 νήσοισιν
724 4083 890 4183 Ἰιρνίσιν
911 4093 1085 4168 mutasset,
1110 4085 1185 4176 ipse
1201 4081 1328 4174 insigni,

213 4188 356 4258 audacia
381 4182 522 4284 νήσοισι
544 4188 788 4285 Βριταννίσιν
822 4187 1035 4271 scribendum
1059 4197 1173 4279 putat:
1207 4185 1251 4253 de
1269 4185 1320 4251 al-

213 4300 285 4360 tera
304 4312 385 4361 vero
403 4301 522 4385 parte,
554 4314 643 4383 quae
663 4301 811 4362 versatur
831 4293 867 4359 in
890 4308 951 4377 eo,
968 4299 1021 4361 'ut
1043 4311 1085 4358 ex
1106 4289 1236 4368 silentio
1251 4285 1322 4359 Or·
1392 4341 1397 4358 .
