3058 5046
247 361 250 368 ⁴
291 395 356 461 ero
404 391 455 452 nr
475 390 512 452 n.
527 389 721 508 ornrmro
738 390 907 467 ensem
925 392 1112 458 murone
1130 393 1315 458 ruamur

290 565 431 648 morari,
463 569 502 633 ut
521 562 555 631 in
573 585 642 654 quo
662 586 731 633 non
752 570 927 634 atamen
948 566 1125 634 coniuncta
1145 562 1225 650 sint,
1252 561 1315 632 sed
1338 563 1415 635 duo

292 678 327 741 et
355 668 419 736 sibi
451 667 685 758 respondeant.
749 667 848 736 Prior
878 689 960 736 vero
992 669 1087 736 locus
1115 668 1214 735 etiam
1234 667 1416 761 redarguit
1488 679 1490 684 ’

293 769 580 856 emendationem,
613 771 831 860 quemfecit.
874 771 1095 840 'Demonstrat
1117 770 1222 856 enim,
1254 771 1315 838 ubi
1342 771 1413 841 diei

290 875 397 968 possit
411 881 586 942 ettamen.
637 875 700 942 Est
720 883 832 942 autem
845 872 900 943 his
918 874 1046 943 voculis
1062 895 1130 942 nou
1147 874 1209 942 nisi
1226 871 1260 940 in
1279 874 1413 964 prima-

291 979 342 1048 ria
360 977 521 1047 sententia
535 978 641 1045 locus.
692 979 807 1066 Atque
830 976 901 1046 hoo
924 978 972 1046 ibi
993 978 1066 1049 vult
1084 978 1196 1063 Simo,
1221 975 1308 1045 nihil
1332 979 1413 1068 qui-
1454 1048 1457 1056 ,

220 1099 224 1110 ’
293 1083 373 1152 dem
397 1081 536 1149 istorum
562 1081 659 1149 illum
684 1083 826 1173 egregie
847 1079 1027 1167 studuisse,
1065 1081 1125 1148 sed
1154 1089 1267 1160 tamen
1295 1082 1411 1150 omnia

291 1184 524 1269 mediocriter,
547 1183 570 1250 i.
591 1207 621 1257 e.
643 1194 806 1275 quantum
828 1185 904 1252 satis
927 1193 1019 1254 esset.
1074 1185 1177 1274 Atqui
1200 1185 1235 1252 in
1259 1185 1412 1277 prologo

290 1286 379 1356 illud
398 1295 432 1355 et
447 1295 566 1356 tamen
585 1287 620 1354 in
635 1288 829 1357 secundaria
848 1288 1007 1356 sententia
1029 1286 1129 1356 foret.
1179 1287 1300 1376 Neque
1319 1289 1411 1356 enim

291 1391 363 1462 hoc
387 1390 486 1476 dicit,
512 1413 584 1459 esse
599 1391 737 1481 quidem
755 1391 888 1460 fabulas
900 1393 977 1460 istas
992 1391 1119 1459 nonita
1134 1389 1284 1458 dissimili
1304 1414 1411 1484 argu·

291 1502 429 1580 mento,
459 1493 519 1562 sed
541 1503 654 1563 tamen
677 1497 828 1564 oratione
852 1515 892 1564 ac
914 1496 991 1562 stilo
1014 1493 1180 1562 dissimili:
1214 1515 1255 1560 ex
1273 1516 1345 1582 quo
1365 1495 1413 1562 si-

277 1599 365 1668 mul
384 1605 542 1688 apparet,
570 1619 631 1666 cur
645 1598 788 1690 quidem
808 1597 855 1666 ibi
876 1600 958 1688 poni
981 1621 1050 1666 uon
1068 1595 1232 1689 potuerit:
1259 1597 1321 1665 sed
1339 1596 1413 1668 lroc

290 1702 381 1785 vult,
407 1701 467 1768 etsi
482 1701 632 1769 oratioue
648 1724 687 1770 ac
702 1703 780 1770 stilo
799 1701 947 1770 dissimili
970 1700 1052 1788 sint,
1076 1709 1189 1768 tamen
1209 1711 1411 1792 argumento

290 1826 361 1873 nou
383 1827 452 1871 esse
475 1805 522 1872 ita
543 1805 703 1873 dissimili.
755 1806 846 1873 Hinc
872 1805 983 1896 primo
1011 1827 1104 1890 eam,
1144 1825 1232 1892 quoe
1247 1804 1411 1894 primaria

291 1905 451 1976 sententia
475 1915 541 1992 est,
575 1908 683 1975 solam
702 1908 812 1997 ponit:
845 1927 913 1974 non
933 1908 986 1975 ita
1006 1908 1168 1976 dissimili
1193 1913 1273 1974 sant
1290 1928 1409 2000 arga-

290 2016 415 2078 mento.
466 2009 511 2079 Ei
533 2020 624 2078 recte
640 2010 764 2079 deinde
785 2010 906 2095 addet,
931 2011 997 2078 sed
1012 2018 1132 2078 tamen
1147 2010 1306 2078 oratione
1328 2019 1408 2079 sant

290 2111 470 2197 dissimili,
497 2135 566 2202 quo
587 2115 744 2206 paullum
765 2115 961 2205 restringat,
995 2115 1089 2203 quod
1111 2113 1248 2182 dixerat
1303 2113 1409 2199 Quod

163 2263 168 2274 ·
292 2215 368 2286 siet
382 2221 501 2284 tamen
521 2217 666 2303 diceret,
690 2239 758 2284 non
774 2217 990 2308 restringeret
1002 2218 1107 2302 illud,
1134 2217 1195 2284 sed
1215 2217 1318 2307 plane
1338 2219 1409 2286 ele-

290 2328 385 2388 varet
408 2328 442 2392 et
464 2321 613 2406 tolleret,
639 2321 759 2388 utiam
776 2344 844 2389 non
860 2331 944 2389 esset
960 2323 1104 2412 amplius
1117 2321 1323 2410 primarium.
1349 2322 1411 2391 Est

244 2423 382 2492 loenim
410 2422 496 2491 illud
524 2431 558 2490 et
588 2431 707 2492 tamen
737 2422 831 2492 idem
859 2425 952 2514 quod
981 2425 1091 2493 nihilo
1116 2424 1239 2491 minus.
1289 2422 1409 2513 ltaque

162 2527 166 2532 “
291 2548 396 2616 quum
416 2526 482 2594 sed
505 2533 626 2597 tamen
645 2529 744 2596 metri
769 2551 902 2612 caussa,
936 2535 1108 2596 ettamen
1134 2536 1245 2594 autem
1267 2537 1411 2618 propter

291 2627 486 2697 sententiam
508 2630 577 2699 dici
598 2653 667 2698 non
689 2633 853 2720 potuerit,
888 2631 972 2719 qnid
996 2631 1105 2716 aliud,
1132 2653 1234 2719 quarn
1254 2641 1410 2699 neutrum

184 2793 187 2800 i
291 2729 537 2800 admittendum
559 2757 647 2819 esse,
673 2734 734 2802 sed
754 2735 855 2802 aliam
870 2733 1138 2802 emendationem
1151 2733 1267 2824 quaeri
1282 2732 1410 2802 debere

289 2835 535 2903 iudicabimus?
559 2837 606 2903 Et
626 2858 730 2926 quum
749 2837 856 2905 tribus
871 2838 981 2904 modis
1002 2838 1148 2905 scribere
1166 2837 1316 2926 potuerit
1336 2837 1410 2906 Te-

289 2938 431 3023 rentius,
458 2947 516 3006 aut
538 2944 657 3006 tamen
676 2939 803 3022 solum,
829 2949 886 3006 aut
907 2947 1081 3023 attamen,
1116 2949 1174 3004 aut
1195 2940 1262 3022 sic,
1289 2947 1330 3006 at
1352 2947 1411 3008 ta·-

290 3065 372 3110 mea
388 3041 550 3111 dissimili
569 3041 727 3110 oratione
750 3041 819 3110 sint
834 3039 968 3133 sactae
990 3062 1035 3109 ao
1059 3041 1157 3129 stilo,
1183 3063 1284 3107 nemo
1304 3041 1411 3117 facile

291 3146 372 3230 erit,
413 3147 512 3235 quin,
546 3146 607 3213 nisi
638 3153 775 3229 tamen,
816 3151 975 3230 attamen
1003 3144 1266 3248 praeferendum
1300 3155 1409 3236 putet,
1517 3181 1518 3196 κ

290 3248 384 3338 quod
400 3249 530 3316 nonita
551 3271 630 3317 raro
649 3248 772 3318 eadem
790 3257 956 3342 potestate
981 3257 1047 3334 est,
1074 3270 1141 3338 qua
1157 3255 1409 3334 verumtamen,

290 3361 329 3420 ut
349 3350 443 3442 apud
465 3351 537 3422 Cic·
559 3354 626 3443 Ep.
651 3353 695 3419 ad
719 3353 799 3427 farn,
819 3353 894 3420 Vll.
921 3350 981 3425 26.
1032 3355 1085 3422 Ac
1108 3360 1341 3444 permutantur
1364 3353 1407 3420 ab

289 3455 434 3527 librariis
455 3462 633 3540 attamen,
660 3462 694 3524 et
720 3443 857 3540 tamen,
885 3455 995 3524 etsed
1008 3463 1142 3550 tamen,
1168 3464 1205 3523 ut
1227 3456 1320 3546 apud
1335 3455 1407 3526 Cic.

291 3558 337 3629 de
355 3559 431 3627 Fin.
446 3559 506 3626 lll.
522 3555 582 3626 15.
598 3553 633 3654 δ.
648 3555 709 3626 48.
724 3559 817 3630 cuius
830 3559 898 3628 loci
918 3567 1100 3650 propterea
1112 3559 1316 3627 mentionem
1329 3559 1407 3644 feci,

290 3662 386 3752 quod
411 3663 607 3754 interpretes
625 3684 734 3752 neque
755 3662 1013 3755 disputationem
1034 3663 1144 3748 illam,
1170 3685 1258 3753 quae
1281 3662 1328 3730 ibi
1349 3671 1408 3746 est,

291 3766 367 3833 satis
381 3765 563 3836 commode
584 3766 798 3858 explicuisse,
825 3776 859 3834 et
879 3790 947 3834 non
963 3775 1056 3835 recte
1075 3766 1164 3833 istud
1181 3771 1340 3833 attamen
1351 3787 1409 3833 re·

291 3869 419 3960 cepisse
436 3869 608 3958 videntur,
634 3869 748 3959 quod,
775 3891 879 3959 quum
906 3871 1013 3962 longe
1036 3869 1181 3937 maxima
1202 3892 1281 3959 pars
1295 3869 1406 3936 libro-

290 3994 367 4040 rum
382 3980 549 4041 ettamen
572 3971 713 4056 habeat,
739 3972 774 4039 in
794 3973 889 4061 quod
909 3973 958 4040 ibi
977 3973 1032 4041 vix
1054 3972 1229 4062 quisquam
1252 3972 1406 4040 librarius

289 4074 478 4168 incidisset,
524 4097 684 4168 maguam
710 4073 949 4143 emendationis
971 4077 1126 4167 speciem
1150 4099 1233 4168 prae
1265 4099 1301 4145 se
1330 4076 1406 4142 fert.

290 4178 371 4268 Ego
393 4178 531 4266 quidem
546 4180 669 4270 siquid
687 4179 804 4265 video,
829 4179 1039 4272 negligentia
1055 4179 1226 4247 familiaris
1247 4179 1407 4248 sermonis

290 4279 390 4366 fecit,
416 4289 454 4346 ut
470 4280 532 4349 ista
553 4293 588 4351 et
607 4283 873 4376 intelligerentur
895 4282 1004 4370 male,
1044 4293 1078 4351 et
1098 4305 1280 4375 perperam
1301 4282 1405 4350 inter-

290 4391 531 4476 pungerentnr.
587 4385 704 4472 Quare
729 4387 776 4458 sic
796 4409 838 4455 ea
858 4387 1128 4478 interpungeuda
1147 4386 1282 4479 putem:
1316 4384 1407 4455 llaec
