3078 5026
445 319 676 394 MENSVRA·
702 319 995 387 ΒΗΥΤΗΜΙΟΔ.
1208 325 1273 390 nu
1313 335 1315 338 ’

163 487 301 560 134.
277 517 299 586 η
320 490 389 583 μὲι
400 513 475 613 χαρ
497 485 592 610 σεζη
599 493 687 575 λε’ξις
711 437 919 574 ediderit*
876 520 960 568 ουτι
983 488 1163 588 ὀνόμασαι
1184 491 1271 570 οὔτι

163 588 326 693 ῥήματος
341 586 508 686 βιάζεται
523 621 608 676 τους
621 587 783 713 χρόνους,
809 591 892 669 οὐδὲ
905 595 1158 720 μετατίθησιν,
1184 594 1272 684 α’λλ,

163 703 243 777 οἵας
267 693 464 814 παρείληφε
486 696 535 792 τῇ
554 689 663 819 φύσει
681 690 747 780 τοῖς
764 693 958 791 συλλαβάς,
983 725 1048 779 σας
1070 727 1111 772 σε
1130 693 1275 822 μακροῖς

147 799 221 872 Ιοιαὶ
241 791 308 878 σοῖς
327 795 515 919 βραχείας,
549 792 724 880 τοιαύτας
747 792 944 919 φυλάττει·
983 798 1006 898 ἡ
1035 801 1074 876 et
1105 794 1270 919 ῥυθμιιιῆ

162 899 224 974 οιαὶ
255 925 410 996 μσυσιιιη
443 892 734 993 μεταβάλλουσιν
766 893 880 984 αὐτας
909 903 1082 995 μειοῦσαι
1113 901 1174 977 ιιαι
1203 897 1271 980 αὖ·
1291 933 1293 940 ’

161 1002 310 1090 ξοῦσαι,
360 998 446 1081 οἷςτε
476 995 644 1083 πολλάκις
678 1007 727 1084 οἱς
755 998 934 1078 τοὶυαυσια
955 1009 1198 1127 μεταχωρεῖν
1225 1001 1271 1079 od

161 1131 232 1228 χορ
260 1108 339 1185 ταῖς
361 1108 553 1197 συλλαβαῖς
581 1097 829 1179 ἀπευθύνουσι
857 1133 943 1194 τους
970 1099 1141 1204 χρόνους,
1176 1099 1272 1180 α’λλα

161 1213 238 1288 τοῖς
259 1199 403 1304 χρόνοις
421 1199 486 1287 τοῖς
502 1200 697 1300 συλλαβάς
741 1207 796 1277 Ex
816 1208 937 1296 quibus
963 1209 1127 1280 aestimari
1146 1217 1270 1301 potest,

160 1308 287 1380 nonita
298 1308 439 1400 planum
456 1330 538 1394 esse,
559 1331 647 1398 quae
659 1309 863 1380 musicomm
876 1333 1091 1397 numerorum
1103 1333 1182 1401 cum
1195 1334 1271 1380 me-

159 1413 218 1481 tris
234 1411 629 1504 poetammconsociatio
651 1411 753 1506 luerit
772 1421 872 1503 atque
886 1415 1112 1486 communitas.
1139 1391 1270 1499 Quam·
1381 1489 1385 1496 ,

160 1537 263 1604 quam
284 1514 374 1582 male
394 1515 586 1584 abuteretur
605 1515 666 1582 ista
685 1513 836 1606 Dionysii
855 1518 1107 1609 obseruatione,
1145 1518 1205 1608 qui
1227 1540 1271 1586 ea

159 1618 217 1688 vel
253 1616 288 1686 iu
325 1617 439 1684 metris
476 1617 504 1684 si
550 1617 633 1707 quid
660 1618 830 1688 'vitiosum
862 1629 927 1706 est,
967 1629 1159 1692 excusatum
1194 1619 1271 1710 iret,
1363 1632 1369 1642 ·
1480 1627 1486 1637 ’

159 1720 215 1790 vel
245 1721 389 1790 musicos
420 1741 576 1790 numeros
603 1741 672 1788 non
697 1729 832 1811 putaret
864 1723 976 1820 aliqua
999 1733 1115 1793 tamen
1140 1721 1279 1792 ratione.

159 1846 240 1895 curn
263 1822 407 1892 metricis
434 1823 635 1909 convenisse,
685 1825 863 1895 Praeterea
884 1849 965 1896 vero
987 1851 1010 1896 a
1030 1823 1214 1897 Plutarcho
1234 1825 1269 1894 in

158 1926 247 1994 libro
274 1926 319 1995 de
340 1925 520 1998 musicae
541 1924 794 2018 28.p.114⁰
821 1929 862 1997 F.
888 1928 1000 1998 1141.
1032 1927 1269 2019 A.quaeda1n

159 2038 441 2100 commemoratur
466 2055 515 2110 εις
540 2056 624 2110 τους
645 2053 712 2121 συχ
734 2027 917 2123 ὁμογενεῖς
932 2025 1137 2130 ρυθμους
1116 2055 1268 2114 ειτασις,

158 2154 374 2223 quaequam
402 2132 471 2200 vlm
503 2129 679 2216 habuerit,
724 2133 844 2200 melius
872 2133 1014 2202 sortasse
1051 2134 1268 2224 intelligetur,

157 2258 265 2324 qaum
284 2229 459 2323 exempla,
493 2254 581 2321 quae
600 2231 648 2301 ibi
667 2233 770 2302 allata
796 2243 890 2320 sunt,
925 2235 1136 2324 maximeque
1155 2255 1274 2324 paeon·
1358 2307 1360 2317 ,

157 2339 332 2428 epibatus,
359 2337 542 2425 explicatus
556 2333 673 2420 luerit,
698 2334 830 2424 dequo
851 2336 943 2426 pede
957 2358 1045 2426 quae
1061 2340 1103 2406 ab
1123 2334 1269 2405 Aristide

155 2438 283 2508 tradita
306 2444 400 2520 sunt,
432 2445 467 2507 et
486 2457 602 2504 seeum
619 2435 712 2527 ipsa,
739 2445 871 2508 etcum
893 2438 953 2524 iis,
986 2460 1074 2526 qnae
1098 2460 1201 2530 supra
1227 2456 1268 2504 ex

157 2540 360 2614 Aristoxeno
373 2538 419 2608 de
436 2547 594 2627 quattuor
614 2538 744 2632 pedum
766 2536 925 2638 σημείοις
936 2541 1124 2628 attulimus,
1148 2537 1268 2624 viden:

157 2655 212 2716 tur
224 2665 389 2735 pugnare.
440 2640 513 2713 Sed
535 2639 652 2731 quiqui
671 2642 795 2712 fuerint
815 2643 945 2712 numeri
958 2644 1094 2729 musici,
1120 2644 1178 2732 qni
1192 2641 1269 2712 Do-

157 2749 212 2818 riis
238 2747 308 2816 istis
341 2743 483 2836 epitritis
513 2746 732 2834 aptabantur,
772 2743 844 2816 hoc
873 2756 986 2816 tamen
1011 2768 1052 2816 ex
1084 2747 1142 2833 iis,
1180 2767 1276 2834 quae·

157 2850 414 2944 disputavimus,
443 2846 542 2949 ellici¹
555 2846 705 2935 ridetur,
728 2848 950 2940 posteriorem
965 2849 1092 2942 pedem
1110 2871 1179 2918 non
1195 2857 1274 2917 tro--

158 2953 304 3024 olraeum
320 2950 567 3036 irrationalem,
590 2951 732 3020 sortasse
751 2974 794 3021 ne
809 2952 997 3044 spondeum
1008 2953 1148 3044 quidem
1169 2960 1269 3040 quat-

156 3067 234 3126 tuor
254 3065 465 3148 temporum,
491 3051 552 3122 sed
576 3054 768 3148 longiorem
788 3057 982 3146 qnempiam
1003 3056 1129 3149 pedem
1155 3054 1267 3122 fnisse.

157 3160 256 3244 Quae
279 3158 364 3226 ratio
387 3157 416 3225 si
439 3178 520 3225 rora
541 3164 610 3243 est,
641 3167 762 3248 sponte
786 3158 1002 3249 intelligitur,
1033 3157 1110 3226 tolli
1132 3155 1269 3225 dubita-

157 3263 302 3346 tionem,
327 3282 430 3349 quam
449 3281 551 3350 supra
563 3259 751 3351 tetigimus,
777 3259 951 3350 quomodo
968 3261 1070 3333 etiam
1090 3269 1167 3330 ante
1182 3258 1272 3328 Cre--

155 3364 261 3435 ticum
276 3362 491 3432 ditrochaeus
510 3362 727 3454 prosepitrito
747 3363 863 3436 locum
884 3361 1021 3432 habeat
1071 3365 1159 3432 Nam
1183 3360 1269 3430 Cre·
1394 3408 1395 3415 ι

156 3468 242 3540 tiens
264 3467 331 3536 iam
358 3466 494 3536 minime
518 3465 580 3534 erit
600 3466 756 3550 catalonis
776 3466 1008 3558 praecedentis
1027 3463 1176 3547 numeri,
1207 3459 1269 3530 sed

155 3571 260 3662 plane
280 3571 366 3662 alins
383 3590 561 3656 numerus,
588 3576 626 3637 nt
646 3591 688 3660 ex
708 3567 762 3638 his
783 3568 943 3638 mensuris
965 3564 1137 3651 constans,
1166 3561 1201 3630 2.
1231 3561 1267 3632 1.
1300 3601 1301 3606 1

157 3673 193 3743 2.
220 3695 262 3744 ex
288 3695 357 3763 quo
386 3670 582 3756 conficitur,
621 3669 649 3738 si
675 3665 752 3738 ante
774 3670 932 3760 'dactylos
963 3677 1020 3738 aut
1051 3665 1268 3739 choriambon

156 3775 370 3848 ditrochaeus
395 3773 520 3866 epitriti
540 3772 650 3844 vicem
671 3771 828 3842 sustinere
846 3780 974 3866 potest,
1004 3795 1073 3844 non
1092 3771 1201 3840 miuus
1227 3767 1312 3840 inre

153 3881 230 3948 lieri
253 3889 330 3950 ante
353 3879 525 3948 Creticum
542 3898 654 3969 posse.
705 3875 957 3967 confirmatque
984 3899 1059 3946 eam
1085 3897 1158 3946 rem
1178 3874 1266 3948 iusta

155 4005 313 4060 uersuum
337 3983 499 4054 recitatio.
549 3984 613 4068 At,
652 3981 779 4072 inquiat
800 3980 936 4070 aliquis,
972 3978 1142 4072 epitritum
1168 3975 1265 4045 istum

155 4109 198 4154 ex
212 4085 377 4158 troohaeo
399 4084 557 4156 rationali
575 4095 610 4154 et
633 4083 833 4171 irrationali,
852 4082 986 4153 maioris
1002 4091 1132 4152 tantum
1151 4077 1266 4176 gravi-
1397 4117 1400 4122 ,

152 4190 230 4258 tatis
243 4209 375 4274 caussa,
399 4187 625 4280 compositum
643 4212 730 4276 esse,
757 4210 799 4256 ex
818 4208 860 4256 eo
881 4185 1001 4280 colligi
1016 4195 1145 4277 potest,
1171 4177 1266 4272 quod

156 4292 258 4364 etiam
280 4292 473 4378 marrona,
498 4292 525 4362 sl
549 4291 687 4382 quando
701 4315 743 4363 ea
756 4299 951 4390 usurpatur,
984 4297 1171 4369 commater
1189 4286 1265 4354 lon-
