3078 5026
240 309 305 373 184
378 303 439 367 DE
466 303 630 366 GHORO
658 301 952 368 uvuunwvn
978 299 1213 363 Ausonum

240 474 411 546 musaei
431 483 528 544 notus
552 496 590 566 p.
615 471 719 566 loo.)
752 472 814 544 sed
841 473 942 544 etiem
976 473 1117 544 verbnm
1142 469 1278 566 τιμάτι
1309 471 1360 546 sic

209 641 210 650 ,
241 578 333 650 nude
346 578 494 672 positum
507 577 636 669 aliquid
649 575 810 648 excidisse
823 584 993 647 monstrnt
1045 577 1114 648 Hic
1131 575 1359 662 enimversus,
1495 679 1498 686 Ι

396 724 697 830 φοινικοβάπτοις
719 731 879 812 ἐνδυτοῖς
894 721 1125 826 ἐσθήμασιν,
1242 731 1249 746 “

242 883 366 974 siquis
387 881 489 969 clins,
518 882 590 951 vitii
618 880 807 972 suspicione
834 903 960 952 vacuos
988 889 1046 950 est
1103 881 1194 950 Nam
1213 871 1362 960 dodordc

242 1009 311 1056 non
334 985 549 1076 simpliciter,
581 984 677 1074 quod
696 984 863 1072 induitur,
888 985 1074 1076 significet,
1099 982 1160 1052 sed
1185 982 1278 1071 quod
1301 1002 1362 1048 cr·
1447 999 1451 1005 ’

242 1098 338 1160 ustus
365 1111 497 1159 mussat
533 1086 611 1156 ride
633 1089 751 1179 Enrip.
775 1089 854 1179 lph.
876 1089 957 1158 Aul
979 1084 1091 1155 low.
1117 1084 1249 1182 Trqad.
1271 1079 1360 1158 259.

243 1191 349 1284 Apud
367 1190 526 1261 cumdem
538 1191 573 1260 in
586 1190 670 1258 Ione
684 1213 715 1259 v.
731 1190 817 1260 231.
832 1200 882 1260 est
897 1182 1042 1270 ἑνδντάι
1058 1189 1257 1281 στέμμασι,
1283 1207 1361 1256 scr·

177 1327 181 1338 ·
243 1295 289 1369 lit
312 1301 468 1388 motus.
518 1293 578 1364 sie
592 1293 694 1362 etiem
716 1293 910 1385 Sophocles
929 1294 966 1360 in
990 1291 1118 1362 Tmch.
1137 1289 1225 1358 674.
1251 1293 1362 1364 ἐνδο-

243 1394 340 1493 τῆρα
361 1397 497 1470 πέπλον
517 1395 619 1483 dixit,
651 1419 740 1486 quae
761 1399 864 1468 verbu
888 1396 979 1466 mole
998 1393 1236 1488 interpretetur
1260 1391 1363 1462 Mus-

309 1521 392 1568 rrus.
475 1561 484 1576 ,

243 1521 309 1593 ‘n
346 1601 569 1674 Revertamur
589 1599 635 1670 ed
656 1599 845 1671 Pollucem
870 1599 918 1670 Et
931 1621 1036 1689 qrmm
1050 1599 1230 1668 nullatum
1248 1597 1363 1688 inepte

203 1747 208 1760 ·
244 1704 432 1796 reperietur
444 1703 580 1789 sebon,
605 1726 692 1794 qnae
708 1725 777 1774 non
791 1702 1008 1794 eliquid2veri
1032 1703 1215 1786 continent,
1241 1701 1364 1770 viden·-
1530 1751 1531 1800 3

246 1806 330 1876 dum
348 1814 416 1892 est,
442 1828 486 1878 en
508 1827 551 1890 ox
569 1805 642 1891 luis,
666 1829 755 1895 quoe
779 1805 873 1899 apud
890 1803 984 1874 hunc
1005 1814 1039 1874 et
1056 1805 1092 1874 in
1108 1805 1177 1874 vite
1198 1803 1365 1893 Aeschyli
1413 1875 1416 1880 ,
1530 1825 1531 1856 ι

245 1907 426 2000 leguntur,
451 1908 582 1997 aliquid
598 1909 692 1978 ellici
705 1909 823 2000 possit,
846 1907 942 1997 quod
956 1907 1019 1976 nisi
1030 1931 1157 1995 rerum,
1182 1915 1275 1980 certe
1292 1907 1364 1976 veri

247 2011 356 2080 simile
379 2011 430 2082 sit.
480 2011 595 2082 Ambo
617 2012 797 2104 scriptores
818 2011 854 2080 in
884 2032 926 2080 eo
951 2012 1168 2096 conveniunt,
1200 2031 1365 2102 magnum

246 2123 410 2184 terrorem
430 2111 540 2183 choro
555 2113 759 2184 Furiarum
748 2137 784 2184 ιιι
798 2113 932 2182 theatro
947 2115 1129 2184 excitatum
1149 2137 1235 2183 esse.
1259 2113 1365 2202 idque

118 2265 119 2272 ι
222 2187 296 2287 sic
312 2225 363 2286 est
374 2217 573 2308 probabile,
599 2219 669 2288 ut
658 2241 733 2288 mre
753 2239 819 2310 pro
841 2239 924 2288 vero
945 2217 1065 2286 haberi
1086 2217 1209 2310 possit·
1234 2215 1366 2286 dissen-

202 2326 245 2391 1u
251 2320 337 2390 nunt
349 2329 463 2389 eutem
475 2320 521 2390 de
535 2343 650 2390 ocosse
662 2320 762 2390 lucius
779 2321 933 2390 terrorist
958 2343 1060 2411 qnam
1075 2342 1180 2412 quum
1192 2318 1339 2390 Pollux
1329 2341 1365 2390 ιιι

249 2443 390 2492 numero
410 2432 519 2515 ponat
540 2425 782 2518 quinquaginta
803 2423 1003 2512 Funerum,
1033 2425 1128 2514 qnod
1149 2425 1271 2493 fulsum
1293 2445 1366 2494 esse

250 2525 444 2611 docuimus,
484 2527 653 2615 reliqurun
676 2537 742 2614 est,
781 2537 819 2595 ut
851 2529 986 2598 alterius
1012 2529 1180 2620 scriptoris
1203 2526 1366 2595 sententio

250 2627 499 2714 consideretur,
524 2630 584 2717 qui
605 2652 647 2698 eo
670 2631 802 2697 territos
825 2629 908 2698 dicit
929 2638 1153 2719 spectatores,
1178 2629 1273 2720 quod
1291 2628 1366 2698 Fu-

249 2730 320 2802 riae
334 2725 519 2826 σποράδην
534 2731 746 2801 introductae
759 2730 892 2799 fuerint
943 2731 998 2800 lle
1021 2755 1062 2800 ee
1076 2755 1115 2802 re
1138 2755 1294 2802 excursus
1314 2739 1366 2801 est

162 2825 172 2838 “
248 2831 470 2922 Boettigeri
459 2855 495 2900 ιιι
514 2833 602 2902 libro
622 2833 669 2904 de
690 2833 841 2926 personis
862 2833 1102 2927 Furiarump.
1125 2833 1186 2922 98.
1210 2859 1281 2924 seq.
1306 2836 1367 2954 qui

250 2923 433 3031 σποράδην
467 2933 704 3027 interpretetur
730 2937 959 3046 catervatim,
996 2937 1096 3006 etita
1115 2915 1321 3027 templum
1311 2959 1368 3004 rn-
1402 2941 1405 2948 ’

250 3059 380 3130 gressus
399 3045 498 3128 putet
518 3061 551 3106 r.
572 3037 658 3106 244
714 3021 889 3108 Neutrum
910 3037 1068 3130 equidem
1090 3041 1135 3107 ab
1157 3039 1249 3108 omni
1267 3049 1368 3132 parte

249 3141 483 3232 probaverim.
533 3135 729 3240 Σποράδρν
749 3141 899 3210 Zonaras
921 3143 1158 3235 interpretetur
1178 3143 1366 3240 tenuent-

252 3266 336 3320 νως,
370 3241 512 3311 Photius
535 3252 571 3317 et
591 3245 712 3314 Suidas
735 3247 1001 3339 διισπαρμενως
1022 3243 1090 3320 τάδε
1105 3251 1264 3336 ποιεῖτε,
1290 3245 1367 3314 He-

103 3425 104 3432 ,
252 3341 426 3435 sychius
408 3346 673 3439 οσπαρμένωςῆ
691 3352 729 3420 ἐν
745 3341 946 3443 διοιφό.ροις
972 3348 1222 3440 Moschopnlns
1237 3347 1365 3420 Sched.

250 3469 288 3540 p·
279 3445 392 3518 .199
420 3441 647 3546 σποράδην
627 3475 794 3523 ιστοντοιι
814 3476 928 3538 τινες,
955 3447 1067 3548 ἤγουν
1090 3453 1364 3547 διεσπαρμένος.

251 3549 304 3618 Ite
315 3549 488 3621 Plutarch,
506 3551 624 3644 Symp.
637 3545 684 3620 ΙΙ.
697 3547 733 3618 l.
749 3569 784 3644 p.
802 3547 888 3620 629.
901 3548 944 3622 D.
958 3553 1000 3624 Ε.
1016 3548 1201 3675 σποράδην
1215 3549 1294 3628 δε
1271 3581 1366 3626 ανα-

254 3652 475 3775 νάγραπται,
499 3653 559 3727 ναὶ
587 3682 630 3728 ον
622 3651 948 3750 ’descendendum
975 3651 1058 3731 ἀλλ’
1084 3685 1129 3738 ως
1146 3663 1296 3730 ἕκαστον
1319 3658 1367 3736 εἰς
1451 3722 1454 3731 ,

255 3747 401 3925 &llll
418 3751 1237 3943 tltmltltllltllllllentl
1246 3780 1368 3930 etl

255 3963 347 4025 etum
370 3958 522 4050 ingredi,
554 3959 615 4028 sed
637 3960 783 4052 singulos
811 3961 907 4030 nullo
936 3909 1031 4032 certd
1062 3963 1181 4032 ordine
1196 3964 1368 4034 advenire.

253 4057 297 4126 Id
315 4067 428 4128 autem
443 4061 517 4130 lieri
530 4084 599 4131 non
614 4072 749 4156 poteret
762 4064 843 4152 quin
858 4065 1040 4132 marimum
1051 4075 1214 4136 terrorem
1231 4077 1368 4159 spectu·

256 4161 383 4230 toribus
394 4162 576 4251 incuteret,
602 4189 671 4234 non
692 4166 799 4236 modo
815 4167 860 4236 nb
872 4167 931 4237 rei
946 4165 1171 4256 ursolentium,
1191 4170 1300 4261 (allud
1317 4181 1370 4238 est

257 4264 364 4352 enim,
398 4266 493 4355 quod
514 4268 641 4338 Pollux
658 4269 740 4344 dicit
760 4264 825 4342 lV.
849 4267 935 4341 lou.
961 4269 1046 4348 ἔνθ’
1066 4270 1131 4350 ὅτι
1152 4274 1192 4348 δι’
1207 4269 1367 4347 uclscd'
