3058 5046
259 337 323 440 aaa
372 341 381 371 ‘
478 369 688 433 ounsvnr
716 369 875 432 novun
905 369 1155 432 corrrorus

257 541 393 612 solitum
410 549 545 610 est'-
576 541 631 610 De
652 539 776 610 eodem
799 540 861 610 illo
881 538 974 633 ἄγαν
997 561 1085 629 quae
1108 546 1227 626 contra
1251 537 1372 630 Spoh-

257 645 350 714 nium
369 644 462 714 dieta
486 650 561 712 sunt
578 665 615 734 p.
638 642 699 712 vo.
731 655 875 733 atquae
904 641 1032 711 ibidem
1054 641 1100 710 de
1124 643 1371 714 consociatione

259 748 328 818 eius
354 769 433 818 cnm
459 745 685 838 superlativis,
727 770 795 825 non
826 746 872 814 ad
906 747 1046 814 verbum
1073 741 1370 839 ἄπνραγαναντᾶ,

115 913 132 944 ,
258 849 317 919 ubi
332 870 431 918 nemo
445 847 504 920 illa
524 858 750 941 exspectaret,
775 847 837 918 sed
860 847 905 915 ad
925 847 1037 938 ipsum
1058 846 1257 915 adverbium
1277 844 1371 939 ἄγαν

257 950 432 1022 afferenda
452 960 553 1022 erant
578 989 631 1004 -
680 951 736 1022 Ad
749 951 841 1020 idem
855 949 1052 1019 adverbium
1071 969 1106 1040 p.
1127 945 1188 1017 63.
1204 948 1373 1038 adsripse-

257 1062 334 1125 runt
357 1057 462 1124 verba
479 1048 706 1140 Blomlieldii,
740 1054 795 1124 oui
818 1051 1006 1142 Aeschylus
1029 1051 1064 1120 in
1087 1051 1196 1120 Persis
1223 1075 1256 1118 v.
1284 1049 1372 1122 832.

257 1179 326 1226 non
348 1149 438 1237 Zarin
471 1184 532 1230 νον
564 1150 739 1256 potante
771 1155 844 1229 τᾶν
876 1146 1117 1250 ὑπερκόμπων
1155 1151 1271 1247 ἄγαν,
1312 1153 1374 1222 sed

257 1259 332 1334 τᾶν
357 1257 449 1353 ἄγαν
474 1251 686 1353 ἄπαρνόπαν
710 1259 843 1328 dedisse
866 1258 1061 1340 videbatur,
1106 1264 1139 1324 et
1161 1251 1372 1344 adnotarunt,

257 1361 445 1432 Stobaeum
458 1361 565 1430 Serm.
579 1361 654 1430 xxii.
681 1370 715 1430 et
738 1361 954 1453 Apostolium
967 1361 1066 1428 Prov.
1094 1357 1190 1428 Cent
1212 1358 1279 1426 xiii.
1299 1358 1373 1448 (hic

258 1484 352 1534 error
373 1473 438 1532 est:
470 1463 618 1534 centuria
637 1473 689 1535 est
706 1463 788 1554 xiv.)
812 1484 864 1554 pr.
888 1462 910 1530 i.
933 1462 978 1534 ad
1000 1461 1170 1551 Euripidis
1193 1483 1329 1530 versum
1352 1484 1373 1528 a
1506 1513 1508 1520 .

256 1565 477 1646 Blonrlieldio
490 1565 628 1636 citatum
641 1569 839 1658 respexisse,
864 1565 1030 1654 simulque
1049 1565 1148 1648 alios,
1174 1563 1267 1634 cuius
1290 1563 1373 1632 scri·

256 1669 362 1762 ptoris
381 1669 442 1736 iste
464 1691 577 1736 versus
599 1678 702 1753 esset,
728 1668 902 1738 nescivisse
926 1669 1152 1740 observarant.
1209 1667 1289 1740 Non
1307 1667 1372 1736 iur-
1514 1695 1515 1698 ¹

161 1843 170 1852 ,
254 1772 441 1863 probamus
460 1770 550 1842 hanc
568 1771 838 1856 adnotationem,
870 1793 958 1859 quae
980 1793 1059 1838 sane
1082 1770 1173 1838 bona
1198 1778 1270 1838 est:
1307 1767 1371 1857 sed

257 1871 349 1942 uliud
378 1881 467 1956 erat,
511 1874 605 1962 quod
632 1896 701 1943 non
731 1877 890 1944 omissum
913 1873 1086 1946 vellemus.
1152 1873 1241 1940 Nam
1267 1894 1371 1960 quum

256 1974 466 2044 Blomlieldii
486 1977 590 2044 verba
606 1976 775 2048 adducere
792 1978 955 2046 lectorem
970 1975 1117 2066 possint,
1142 1983 1180 2041 ut
1202 1973 1296 2043 hunc
1311 1997 1371 2042 ne-

257 2099 342 2170 gare
356 2085 472 2168 putet,
497 2087 588 2148 recte
606 2078 714 2152 diciri
740 2078 967 2174 ἄπᾶρνομπος
993 2075 1100 2170 ἄγαν,
1126 2098 1168 2148 ac
1191 2077 1304 2168 potius
1324 2077 1371 2145 sic

257 2189 435 2272 oportere,
468 2176 488 2252 ἄ
520 2179 613 2274 ἄγαν
645 2179 888 2279 ἄπᾶρνομποςι
924 2180 1035 2248 etaiis
1064 2179 1135 2248 hoo
1159 2202 1228 2254 non
1252 2180 1370 2266 voluit,
1514 2247 1515 2274 ,

256 2291 294 2352 ut
317 2283 376 2372 qui
396 2283 431 2352 in
451 2282 572 2352 eadem
594 2284 712 2367 fabula
740 2310 771 2354 v.
799 2281 885 2352 799.
913 2275 998 2363 uode
1022 2276 1253 2377 dnepnoitovc
1279 2279 1371 2374 ἄγαν
1514 2289 1515 2298 ’

256 2385 407 2454 dederit:
451 2388 612 2475 quoniam
646 2387 740 2456 nulla
777 2386 877 2454 huius
921 2385 1102 2454 verborum
1140 2385 1371 2459 collocationis

255 2489 415 2579 exempla
435 2489 628 2576 attulerant,
654 2514 722 2560 non
737 2491 796 2558 ahs
814 2513 852 2558 re
871 2489 986 2558 fuisset
1000 2509 1154 2573 monere,
1180 2511 1249 2556 non
1261 2487 1370 2556 solum

254 2613 357 2681 saepe
371 2590 536 2662 adiectivo
556 2594 718 2686 postponi
737 2591 850 2686 ἄγαν,
875 2590 1018 2658 maxime
1041 2589 1133 2680 apud
1151 2590 1371 2680 Aeschylum,

254 2691 317 2763 sed
339 2701 432 2762 recte
453 2693 491 2762 id
506 2694 581 2762 fieri
605 2697 705 2766 etium
731 2695 791 2764 ubi
818 2693 974 2765 articulus
996 2691 1212 2763 adiiceretur:
1247 2695 1302 2764 cui
1322 2691 1371 2759 rei

197 2823 198 2838 ν
256 2794 508 2864 confirmandae
530 2805 565 2866 et
586 2797 645 2869 hic
671 2797 836 2887 Aeschyli
859 2818 991 2884 versus,
1017 2817 1119 2885 quern
1147 2797 1182 2864 in
1206 2795 1370 2887 suspicio·

253 2895 526 2972 nemadducere
552 2899 658 2968 voluit
683 2899 937 2983 Blomlieldius,
972 2908 1005 2966 et
1026 2900 1112 2968 alter
1132 2899 1206 2987 ille,
1238 2899 1368 2986 inquo

252 2998 339 3070 mira
360 2998 421 3067 illa
439 3020 506 3068 vox
529 2996 757 3096 ἄπαρπᾶλαυς
777 3001 873 3070 nobis
901 3000 988 3070 nihil
1010 3001 1071 3069 nisi
1092 3023 1184 3070 error
1208 2993 1369 3069 librario·
1514 2999 1515 3006 ’

186 3195 189 3200 Ι
255 3124 331 3170 rum
352 3123 416 3195 pro
437 3097 680 3200 ἄπαρπολλοᾶς
696 3127 769 3174 osse
792 3103 942 3190 videtur,
968 3103 1123 3174 inservire
1147 3111 1289 3196 poterat.
1315 3143 1369 3156 -

252 3203 363 3273 Simili
378 3207 602 3275 observationi
618 3207 713 3277 locus
734 3207 860 3276 erat-in
883 3205 1006 3276 eodem
1029 3207 1209 3291 adverbio,
1234 3205 1294 3274 ubi
1313 3206 1369 3274 lo-

253 3327 333 3376 cum
347 3307 496 3392 Platonis
515 3310 615 3378 Polit.
635 3311 701 3378 viii.
717 3331 753 3400 p.
774 3308 860 3378 564.
887 3311 930 3378 A.
950 3310 997 3379 ita
1010 3310 1172 3400 scripturn
1183 3309 1369 3379 dederuntr

252 3405 276 3504 ἡ
301 3401 372 3505 γᾶρ
398 3406 491 3502 ἄγαν
517 3410 706 3508 ἐλευθερία
733 3413 848 3486 iotam
882 3409 946 3486 οᾶν
982 3416 1030 3493 εἰς
1064 3410 1153 3486 ἄλλα
1189 3439 1229 3484 τι
1262 3408 1286 3507 ἢ
1320 3412 1369 3490 εἰς
1514 3487 1515 3512 γ

227 3504 354 3609 ,[νήν]
390 3511 483 3606 ἄγαν
509 3511 675 3588 δουλείαν
702 3507 948 3607 parotidum
973 3514 1033 3588 ael
1059 3509 1185 3611 ἰδιώτῃ
1211 3512 1271 3586 ναὶ
1296 3505 1368 3585 πᾶ-
1514 3519 1515 3524 ’

252 3617 317 3686 lea
368 3615 560 3686 Articulum
577 3639 680 3705 quern
702 3618 796 3687 uncis
811 3617 1031 3705 incluserunt,
1055 3640 1119 3687 nec
1133 3617 1210 3686 libri
1229 3617 1368 3698 habent,

252 3715 348 3803 quod
370 3718 530 3807 sciamus,
567 3743 632 3790 nec
657 3719 851 3810 Stephanus
880 3721 1008 3812 posuit,
1048 3729 1086 3788 ut
1113 3742 1192 3788 eum
1223 3719 1370 3792 editores

250 3827 451 3909 propterea,
483 3822 562 3911 qnia
583 3824 806 3892 necessarium
827 3826 1008 3914 putabant,
1039 3822 1211 3892 adiecisse.
1228 3819 1369 3888 videan-

168 3953 171 3960 ·
251 3927 315 3986 tur.
365 3923 415 4017 At
435 3921 483 3992 uti
505 3924 681 4002 addendus
706 3935 755 3994 est
780 3927 956 4012 articulus,
992 3927 1053 3993 ubi
1074 3927 1205 3994 finitum
1229 3931 1279 3992 est
1304 3945 1369 3992 no-

252 4042 348 4106 men,
374 4024 420 4092 ita
441 4027 643 4096 omittendus
664 4037 733 4113 est,
757 4027 816 4096 ubi
834 4039 883 4096 est
899 4028 1071 4096 infinitum.
1122 4028 1182 4097 Sic
1202 4035 1296 4096 recte
1315 4025 1369 4091 di-

87 4209 91 4222 ,
198 4132 329 4208 noae,
356 4124 449 4220 αὕτη
475 4129 572 4203 ἐστὶν
589 4127 691 4224 ,ἄγαν
721 4129 863 4204 δουλεία
869 4185 883 4220 ,
909 4130 996 4202 haec
1016 4139 1066 4200 est
1087 4121 1199 4222 gravis
1218 4127 1369 4200 servitus:

254 4226 350 4316 quod
366 4228 425 4296 ubi
438 4228 558 4300 dixeris
575 4230 668 4328 αὕτη
694 4231 791 4306 ἐστὶν
816 4231 839 4328 ἡ
865 4231 959 4327 ἄγαν
984 4233 1145 4317 δουλεία,
1171 4231 1243 4300 hoc
1265 4229 1391 4322 signi·¹

253 4329 433 4420 navens,
456 4329 544 4404 haec
564 4346 614 4404 est
641 4336 701 4406 illa
720 4335 831 4429 gravis
853 4337 1001 4410 servitus.
1033 4375 1087 4390 -
1126 4337 1205 4406 Non
1235 4332 1371 4418 rectius,
