3058 5046
563 347 917 442 niss'unuauro,
999 417 1003 428 .
1213 371 1276 434 rea
1303 327 1327 342 ”

153 543 286 633 tingere
299 561 383 610 cava
401 537 489 608 caeli
507 539 680 621 videntum
704 539 807 624 alius,
833 539 1000 632 gloriosus
1015 547 1129 624 antea,
1151 541 1187 614 in
1208 559 1271 608 un·
1281 545 1323 608 18

156 645 208 714 (lis
228 643 349 735 perlit,
382 643 441 730 qui
465 643 761 730 astMooeaoc,
781 644 966 715 ,Petiletns
1017 644 1127 712 Terra
1153 643 1278 734 potos,

156 748 245 817 alius-
259 745 408 822 sollertia
433 767 523 830 sua,
544 766 632 835 quae
655 745 699 814 ad
720 746 822 816 vitam
841 746 1090 820 sustentandam
1111 768 1196 837 opus
1223 769 1278 816 es·
1368 767 1371 796 ν

155 860 246 934 sent,
271 850 418 940 paravit,
443 872 547 936 quem
573 852 798 944 Προμηθέα,
829 850 1044 941 hospicium,
1074 872 1144 920 csse
1167 871 1277 939 appa-

153 963 225 1034 rete
250 953 372 1035 aliurn,
391 951 551 1037 inertem,
577 952 662 1020 nihil
682 953 744 1020 nisi
756 953 979 1044 navigationis
1001 961 1176 1043 susceptae
1189 973 1277 1042 poe-

154 1057 268 1126 nituitt
293 1055 389 1142 isque
412 1049 641 1148 Ἐπνμηθοος
665 1064 731 1140 est,
756 1058 950 1126 Poenituus.
983 1057 1055 1126 'lle
1069 1055 1278 1126 Prometheo

154 1160 270 1252 plures
291 1155 384 1248 apud
405 1158 597 1234 Hesiodum
613 1158 750 1226 fabulae
768 1159 968 1230 coniunctae
987 1160 1171 1233 udonem„-
1202 1159 1279 1232 Ar-

144 1261 339 1352 -tiquissima
360 1259 456 1331 haud
478 1262 582 1333 dubie
603 1270 669 1346 est,
694 1285 782 1350 quae
797 1263 984 1334 continetur
1006 1258 1279 1339 v.521,-2531.

155 1367 211 1434 Ea
231 1386 337 1454 quum
360 1385 510 1434 caussam
531 1366 659 1433 nullam
680 1375 865 1452 memoret,
903 1388 1009 1456 quare
1028 1367 1156 1438 vinctus
1176 1365 1280 1436 luerit

156 1467 401 1552 Prometheae,
434 1467 495 1536 sed
520 1468 718 1558 simpliciter
746 1470 929 1550 liberatum
951 1471 1029 1541 eum
1053 1471 1097 1540 ab
1116 1467 1279 1550 Hercule,

155 1571 350 1656 interfecta,
387 1593 476 1660 quae
500 1592 561 1640 cor
589 1573 628 1640 ei,
647 1573 829 1659 exedebat,
872 1573 1004 1662 aquila,
1045 1572 1153 1657 dieat,
1191 1569 1280 1641 nihil

157 1674 253 1760 aliud
278 1673 400 1759 innuit,
441 1697 544 1764 qnam
565 1675 651 1746 curis
680 1677 1058 1768 propterintarolusam
1078 1697 1177 1765 spem
1197 1671 1279 1744 red-

157 1777 260 1856 eundi
273 1778 581 1863 contabescentem,
607 1802 712 1867 quum
737 1781 795 1848 alii
814 1789 946 1849 strenue
964 1779 1128 1872 superatis
1140 1779 1279 1871 pericu-

153 1881 197 1950 lis
224 1879 330 1951 adea
352 1881 432 1952 loca
455 1882 680 1974 appulissent,
707 1906 748 1952 ex
772 1885 868 1952 malis
890 1893 1056 1964 servatum
1072 1905 1154 1952 esse.
1202 1881 1280 1950 Rc-
1328 1933 1332 1942 .

157 1987 286 2054 centior
306 1985 474 2072 quaedam
496 1987 612 2056 fabula
635 1987 769 2058 vincula
790 2009 939 2078 poenam
965 2011 1036 2058 esse
1058 1985 1175 2058 voluit.
1227 1985 1281 2053 Ea

155 2111 229 2156 rem
247 2089 296 2156 sio
312 2089 477 2154 narrabat
528 2089 695 2179 Naufragi
709 2090 873 2158 inlocum
888 2091 1023 2175 delati,
1038 2091 1180 2178 quinon
1195 2110 1281 2156 cun-

157 2201 229 2260 ctos
246 2191 338 2261 alere
354 2198 488 2280 posset,
511 2191 636 2280 partim
653 2193 798 2282 perituri
807 2201 918 2263 erant:
949 2192 987 2259 id
1014 2193 1133 2275 enim,
1147 2211 1281 2281 opper-

155 2303 237 2362 tune
258 2293 420 2372 indicium
446 2294 633 2382 praebente
659 2293 858 2380 scholiasta,
906 2293 961 2364 his
988 2294 1099 2364 verbis
1129 2315 1162 2362 v.
1190 2287 1279 2365 535.

154 2395 342 2488 indicatum
365 2403 431 2462 esta
1208 2429 1211 2436 ¹

260 2543 320 2620 καὶ
345 2540 414 2669 yqlq
431 2542 490 2620 ὅτ’
509 2544 694 2646 ἐκρίνοντο
718 2547 802 2624 θεοὶ
822 2545 959 2648 θνητοί
983 2543 1014 2622 τ’
1037 2545 1230 2646 ἄνθρωπον

260 2650 441 2748 Μηκωνῃ,
883 2683 887 2688 ’
1190 2677 1191 2680 ’
1239 2653 1244 2666 ‘

109 2872 115 2878 ,
157 2806 179 2872 i.
197 2829 226 2873 e.
245 2826 350 2892 quum
367 2803 411 2872 de
424 2803 641 2874 diuturnitate
654 2805 789 2875 vivendi
805 2791 989 2875 certarent:
1013 2803 1072 2892 qui
1084 2804 1181 2873 locus
1195 2825 1281 2894 pro-

156 2917 234 3000 pter
250 2907 472 2998 allegoricam
491 2907 635 2978 deorum
650 2919 683 2977 et
699 2909 877 2978 hominum
894 2909 1157 3000 appellationem
1179 2906 1280 2975 valde
1360 2947 1362 2952 ·

157 3010 384 3078 memorabilis
406 3021 462 3078 est.
513 3011 566 3078 Ibi
588 3013 691 3104 igitur
712 3013 830 3082 sollers
844 3014 1029 3099 isteqnum
1048 3009 1282 3086 defraudasset

158 3114 324 3202 reliquos,
358 3114 496 3206 cognito
524 3113 625 3200 dolo,
661 3117 814 3185 exclusus
838 3117 882 3183 ab
906 3116 972 3182 illis
1001 3122 1050 3183 est
1075 3137 1096 3180 a
1125 3133 1281 3188 commu-

157 3217 259 3285 nione
284 3218 392 3312 vitae,
431 3217 572 3307 ignique
597 3219 629 3285 ei
661 3219 885 3289 interdictum.
943 3217 1065 3304 Itaque
1084 3237 1189 3305 quum
1207 3216 1282 3306 ipse

156 3320 244 3412 ignis
262 3313 428 3388 excitatidi
440 3321 528 3398 viam
546 3321 743 3412 reperisset,
769 3323 830 3410 qui
843 3321 919 3390 fons
933 3319 1077 3388 habetur
1088 3313 1210 3388 ¹rerum
1236 3316 1281 3384 ad

158 3424 262 3490 vitam
285 3423 563 3512 necessariarum,
604 3433 718 3498 tamen
739 3448 868 3517 poenas
892 3424 1030 3494 fraudis.
1047 3423 1145 3490 dedit
1167 3419 1281 3490 uxoris

159 3526 320 3619 improbo
341 3528 489 3619 ingenio.

161 3817 164 3821 ι
262 3732 476 3802 Revertimur
492 3733 544 3799 'ad
565 3731 746 3800 Saturnios.
808 3730 856 3799 Vt
879 3740 977 3798 antea
1001 3727 1201 3800 condendae
1223 3749 1281 3810 re÷

158 3857 236 3904 rum
249 3845 409 3922 naturae,
433 3837 480 3905 ita
499 3856 588 3904 nuno
608 3834 838 3927 perficiendae
851 3835 957 3904 multa
979 3835 1076 3903 fuere
1094 3832 1186 3902 irrita
1206 3838 1281 3898 ten-

158 3949 341 4012 tamenta„
377 3940 496 4030 Itaque
523 3949 560 4009 nt
582 3941 713 4008 Vranus
740 3939 827 4007 filios
851 3962 946 4024 suos,
989 3937 1188 4024 simulatque
1212 3933 1282 4002 nati

101 4049 103 4058 '
159 4050 284 4127 essent,
321 4065 432 4112 rursus
453 4043 703 4128 abscondebat,
743 4044 792 4110 ita
812 4035 975 4137 Κρόνος,
1018 4041 1088 4109 sive
1117 4039 1281 4126 Pedicas,
1321 4113 1323 4116 ,

124 4231 127 4240 ¹
159 4168 246 4244 qnos
270 4144 454 4236 genuisset,
480 4146 642 4237 deinceps
666 4146 843 4215 devorasse
865 4144 995 4212 dicitnr.
1046 4143 1118 4216 Sed
1138 4142 1197 4232 qni
1209 4162 1282 4244 po-

160 4249 312 4318 vissimus'
329 4258 425 4317 natus
449 4258 513 4334 est,
552 4249 712 4334 FerviuS,
750 4249 897 4336 inquo,
938 4246 1034 4338 quod
1059 4271 1127 4318 uon
1147 4247 1280 4332 mirum,

162 4356 463 4443 semper'mentem
481 4375 559 4423 cum
583 4353 616 4422 vi
634 4362 755 4424 cuncta
775 4353 940 4424 animante
960 4353 1136 4427 confusam
1160 4347 1282 4444 memi-
