3120 5030
560 355 884 422 ulssltnufflo.
946 373 948 382 ’
1234 359 1277 422 61

160 530 218 601 Ibi
239 527 392 602 Serviusz
423 523 575 600 Potnias
602 527 726 598 civitas
746 536 815 616 est,
841 529 897 598 'de
921 537 993 622 qua
1003 526 1082 621 jitit
1106 526 1276 617 Glaucus,

160 634 225 726 qai
248 655 355 725 φιυιιι
378 653 488 702 sacra
510 631 653 702 Veneris
673 639 872 752 spernent,
908 633 973 704 illa
1005 634 1101 702 irata
1123 627 1277 724 eqbobm

163 738 238 806 eius
263 735 404 804 immisit
417 733 602 826 sermm,
635 733 759 827 petbus
781 733 948 804 utebatur
967 735 1020 802 ad
1047 753 1208 820 curram,
1243 742 1277 804 et

164 861 245 907 eum
267 835 437 906 morsibus
451 837 749 906 dilaceraverunt.
801 838 849 906 Et
862 861 958 908 mox:
982 838 1180 906 hocautem
1193 838 1277 908 ideo

152 941 335 1036 fingitur,
361 940 455 1030 quod
478 941 527 1008 eis
536 939 704 1032 φύσονται
726 939 840 1008 Venas
855 941 1055 1025 immiserit,
1079 941 1165 1032 quia
1179 940 1277 1010 dilu-

162 1045 283 1112 oiatas
308 1049 358 1111 est
384 1042 543 1112 Glaucus
566 1040 751 1139 effleaatis
773 1044 884 1115 nimia
901 1044 1097 1136 cupiditate
1111 1041 1277 1135 equabus,

162 1169 271 1238 quum
295 1167 357 1214 eas
379 1145 556 1214 cohiberet
577 1169 602 1214 a
628 1147 737 1232 coita,
762 1153 801 1213 at
824 1154 936 1216 essert
956 1147 1156 1218 velociores.
1188 1147 1277 1214 Pro-

162 1251 226 1318 bus
248 1258 365 1328 autent
383 1249 449 1318 sic:
478 1248 608 1318 Potoia
634 1249 719 1318 urbs
740 1256 791 1316 est
811 1247 997 1334 Boeotiae,
1031 1247 1092 1318 abi
1116 1247 1277 1318 Glaucus
1351 1295 1358 1308 .

165 1351 311 1442 Sisyphi
328 1348 365 1442 f.
392 1359 427 1418 et
445 1350 633 1442 Meropes,
657 1359 697 1420 at
721 1351 959 1443 Asclepiades
982 1352 1018 1420 ia
1038 1352 1276 1445 tragodame·

162 1477 231 1522 ooo
246 1453 304 1526 lib.
326 1453 359 1525 Ι.
378 1454 446 1538 ait,
473 1452 597 1522 habuit
613 1477 739 1546 equas,
768 1476 857 1545 quas
877 1455 1092 1524 adsueverat
1115 1455 1277 1522 hamana
1334 1523 1335 1531 ,

163 1579 272 1624 came
293 1557 410 1640 alere,
436 1579 503 1647 quo
519 1557 681 1647 cupidius
703 1557 739 1625 io
762 1557 895 1626 hostem
911 1558 1086 1626 irruerent
1103 1565 1137 1625 cl
1149 1556 1276 1649 peroi—

163 1660 304 1752 ciosius:
337 1660 452 1750 ι’φσυπι
474 1667 611 1743 autem,
639 1682 754 1751 quam,
772 1661 942 1728 alimenta
967 1659 1178 1754 deficerent,
1210 1659 1277 1728 de-

160 1769 331 1830 vorarunt
346 1763 381 1831 in
397 1762 492 1830 ludis
496 1761 711 1854 funebribus
725 1763 859 1831 Peliae.
916 1760 1074 1858 Quidum
1095 1764 1195 1832 aiunt
1209 1762 1277 1834 hut

140 1887 271 1958 ¹equas
292 1865 478 1934 Diomedis
498 1864 634 1958 sitisse,
675 1888 765 1956 qaas
790 1865 966 1934 Hercules
996 1865 1049 1935 ad
1070 1865 1276 1956 Eurystheu

153 1967 387 2060 perduxerit,
432 1975 466 2036 et
506 1966 554 2034 ab
591 1968 792 2059 Eurystheo
822 1977 857 2038 et
883 1968 1036 2061 Sisypho
1068 1970 1274 2056 distractas,

160 2092 307 2162 eumque
325 2070 501 2166 filiosuo
533 2071 682 2140 dedisse.
743 2071 831 2140 Cum
858 2071 912 2140 his
932 2072 1144 2164 conspirant,
1182 2083 1300 2161 quasa

159 2173 206 2240 ad
218 2173 337 2262 Eutip.
349 2172 479 2242 Phoen.
494 2169 605 2241 1159.
621 2176 681 2242 ubi
696 2184 800 2265 poeta
820 2175 1000 2244 Potniades
1015 2197 1134 2264 equas,
1159 2175 1276 2243 furen-
1373 2223 1374 2231 .

158 2277 249 2344 tibus
265 2276 403 2360 similes,
428 2277 463 2342 in
477 2276 591 2366 clipeo
612 2299 780 2368 expressas
805 2287 1064 2362 commemorat,
1091 2277 1276 2349 ascholio-

158 2379 217 2446 stis
238 2385 431 2461 narrantur,
462 2377 524 2444 nisi
549 2378 645 2465 quod
672 2401 755 2446 unus
778 2400 895 2446 eorum
921 2379 1010 2448 haec
1035 2379 1148 2464 addit,
1188 2401 1277 2467 quae

158 2503 231 2574 quo
252 2488 404 2569 spectent
421 2479 601 2547 nescimus:
632 2479 797 2552 Γλαῦκον
814 2480 852 2552 δὲ
866 2474 910 2550 ού
923 2472 990 2552 mir
1006 2474 1081 2551 οίπδ
1093 2474 1275 2574 Σισύφου,

161 2576 257 2655 oillei
275 2576 342 2654 τδν
359 2581 484 2675 Θρᾷκα
504 2574 570 2652 τδν
585 2577 732 2675 ύγριονι
759 2581 841 2649 alius
861 2589 973 2650 autem
996 2583 1122 2651 Potniis
1146 2583 1277 2653 lacera-

160 2693 234 2753 tum
259 2686 304 2752 ab
326 2684 474 2773 equabus
495 2681 666 2754 Glaucum
686 2684 809 2753 scribit.
867 2685 975 2754 Possit
996 2686 1120 2754 Strabo
1139 2708 1276 2776 qnoque

159 2789 207 2854 ita
228 2787 334 2856 videri
346 2787 501 2870 sensisse,
527 2788 584 2874 qui
599 2786 659 2854 IX.
675 2810 711 2880 p.
736 2784 822 2856 627.
841 2787 887 2856 sic
902 2788 1041 2858 scribat:
1067 2789 1145 2862 ἔστι
1161 2788 1276 2864 δὲκαὶ

162 2887 315 2986 tillieto]
331 2884 440 2986 κρήνη
455 2888 514 2960 ναί
531 2883 692 2962 Πύτνιαι
700 2945 714 2979 ,
743 2886 803 2984 ἐφ’
832 2887 881 2963 σίν
896 2885 1103 2982 μυθεύεται
1126 2885 1176 2966 τύ
1192 2890 1276 2984 περὶ

161 2986 227 3065 τόν
250 2993 427 3064 »Ποτνιεά
454 2992 634 3070 Γλαύκου,
684 2985 750 3064 τδν
781 2995 1056 3080 διασπασθέντα
1092 2988 1166 3068 ύπό
1198 2989 1274 3066 ’τείν

165 3089 380 3170 Ποτνιύδων
403 3101 539 3182 ἵππων,
566 3094 630 3189 τῆς
653 3087 787 3174 πόλεως
813 3095 968 3184 (Thebas
990 3095 1085 3184 dicit)
1109 3094 1275 3192 πλησίονι
1382 3129 1389 3142 .

163 3195 208 3264 ad
232 3220 333 3284 quent
355 3198 471 3264 locum
490 3196 625 3287 respicit
647 3196 840 3264 Eustathius
860 3221 896 3287 p.
914 3195 1006 3283 269,
1033 3196 1093 3266 34.
1145 3198 1275 3267 Verum

163 3298 248 3366 nihii
265 3299 340 3385 ille,
372 3299 511 3390 opinor,
546 3297 638 3366 aliud
660 3297 783 3383 voluit,
825 3323 927 3388 quam
949 3301 1150 3370 contraxisse
1171 3323 1273 3390 equas

161 3401 311 3469 furorem
339 3402 402 3469 isto
428 3401 519 3471 loco.
571 3400 674 3470 euius
692 3400 742 3468 rei
770 3424 920 3472 caussam
941 3414 1015 3472 sunt
1042 3403 1100 3492 qui
1129 3404 1275 3471 herbam

162 3505 344 3593 quamdam
362 3504 573 3596 perhibeant.
625 3503 828 3573 scholiastes
847 3493 967 3596 Eurip.
992 3506 1038 3574 ad
1062 3504 1171 3575 Orest.
1187 3502 1273 3570 318.

162 3601 307 3680 Ilistra
327 3607 365 3680 δί
385 3606 514 3700 χωρίον
542 3605 618 3678 ἐστὶ
645 3605 847 3693 Βοιωτίας,
879 3608 971 3680 ἔνθα
992 3604 1176 3701 φαγοῦσαι
1201 3613 1273 3699 βο-

161 3702 292 3781 τοίνιον
314 3715 353 3781 αἱ
372 3701 540 3782 Γλαύκου
572 3715 697 3794 ἵπποι,
741 3706 827 3795 (τού
847 3703 1148 3802 Βελλεροφόντου
1179 3707 1275 3776 addit

158 3811 273 3900 Etym.
294 3811 345 3878 Μ.
375 3833 411 3902 p.
433 3804 528 3893 685,
555 3806 616 3875 42.
640 3809 699 3897 qui
721 3807 841 3876 eadem
863 3808 985 3900 habet)
1018 3808 1079 3880 ιιαί
1100 3816 1273 3900 μανείσαι
1396 3885 1398 3888 .

162 3907 404 3986 διεσπάσαντο
421 3904 488 3985 τδν
512 3907 606 3985 ἴδιον
622 3904 799 4009 δεσπότην
815 3915 853 3984 ἐν
866 3911 920 4006 τῷ
931 3907 1111 4004 ἐπιταφίῳ
1128 3912 1272 3988 Πελίου.

159 4016 286 4084 Plinius
303 4017 348 4082 Η.
363 4018 405 4085 Ν.
420 4015 528 4088 XXV.
550 4011 610 4081 53.
629 4015 728 4084 circa
747 4013 939 4082 ,Abderam
962 4022 995 4083 et
1018 4014 1181 4102 limitem
1213 4017 1273 4108 qui

160 4117 349 4187 Diomedis
360 4124 519 4202 vocatur,
546 4118 731 4210 eptipasti
743 4109 1009 4210 inflammantur
1025 4115 1149 4195 rabies
1174 4119 1273 4188 circa

159 4220 309 4290 Potnias
333 4241 418 4290 vero
440 4227 474 4287 et
503 4219 602 4288 asiai.
660 4220 730 4288 Alii
751 4241 832 4288 vero
852 4219 983 4288 fontem
1011 4221 1138 4290 Potniis
1172 4222 1273 4290 fuisse

158 4324 311 4411 tradunt,
344 4317 437 4395 cuius
457 4344 545 4413 aqua
570 4322 699 4391 rabiem
718 4323 812 4413 equis
833 4322 988 4413 afferret,
1021 4333 1059 4395 ut
1093 4323 1271 4394 Pausanias
