3078 5026
573 367 821 434 PERSIS.
1208 371 1253 438 05

130 561 223 612 nere
238 559 413 632 uersuum,
439 538 568 609 ruunt
619 539 684 610 cui
707 557 812 631 qnam
834 538 970 631 regina,
1002 561 1133 612 aonam
1156 537 1253 610 illam

130 645 370 729 maiestatem,
400 641 520 712 iisdem
540 644 684 712 numeris
706 641 947 735 respondisset,
980 641 1048 712 iam
1073 643 1118 713 ad
1137 643 1254 712 trime-

131 757 230 832 tros,
268 767 412 835 qnorum
441 747 634 838 simplicitas
662 747 886 819 narrationem
908 746 1028 830 decet,
1070 745 1254 832 deseendit,

66 923 71 946 ,
129 850 374 938 somniumque
394 851 545 941 exponit,
569 849 664 939 quod
688 872 730 918 ea
744 858 818 919 arte
839 871 859 916 a
881 857 985 939 poeta
1005 849 1174 918 inventum
1195 857 1255 934 est,

131 963 181 1024 nt
202 975 272 1022 non
286 960 416 1020 tantum
431 953 581 1044 singulae
595 961 708 1044 partes
724 952 940 1046 splendeant,
966 951 1026 1020 sed
1048 951 1135 1020 illud
1153 973 1255 1043 praa-

132 1057 276 1128 olarum
292 1055 333 1124 sit
347 1063 380 1122 et
401 1056 614 1141 admirabile,
644 1056 739 1147 quod
755 1077 933 1125 somnnma
947 1054 1008 1122 illa
1025 1055 1168 1124 duarum
1179 1076 1256 1124 mu·
1325 1105 1331 1128 r

131 1161 266 1230 liernm
287 1157 416 1249 speeies
440 1180 508 1226 non
528 1159 671 1244 ducum,
696 1182 764 1228 non
789 1159 1011 1244 exercituum,
1035 1157 1097 1228 scd
1114 1156 1257 1226 duarum

131 1272 311 1333 vastarum
330 1262 584 1347 continentium,
610 1286 697 1352 quae
720 1263 765 1332 de
782 1262 927 1354 imperio
949 1260 1034 1331 inter
1055 1284 1091 1329 se
1117 1268 1257 1344 certent,

135 1365 331 1456 imaginem
346 1364 461 1434 animis
480 1365 648 1438 admovet.
699 1366 753 1434 lta
773 1375 873 1436 aucta
886 1366 936 1432 rei
949 1362 1179 1456 magnitudine
1195 1385 1257 1431 au·
1378 1441 1387 1452 ¹

136 1477 249 1564 getur
272 1476 398 1536 metus:
423 1469 478 1538 cni
497 1477 680 1544 norumet
699 1491 862 1560 magnum
884 1468 1125 1538 incrementum
1150 1488 1192 1534 ex
1214 1487 1258 1534 eo

136 1571 300 1656 accedit,
324 1569 418 1660 qnod
432 1571 570 1663 placare
584 1573 669 1640 deos
684 1572 812 1642 volenti
825 1573 870 1640 ob
884 1570 971 1639 illud
986 1571 1152 1638 somnium
1165 1567 1259 1660 regi·

135 1698 211 1745 nae
235 1683 400 1743 ostentum
428 1673 585 1760 offertur,
625 1697 754 1744 caumas
777 1675 948 1744 metuendi
976 1676 1078 1742 etlam
1107 1672 1260 1741 divinitus

137 1777 341 1852 confirmari
369 1778 571 1868 significans.
631 1778 818 1847 Conseruut
843 1777 968 1846 deinde
990 1777 1112 1846 iterum
1135 1774 1260 1845 chorus

138 1890 180 1952 et
204 1882 324 1950 Atussa
350 1881 577 1971 colloquium,
609 1881 778 1952 trochaeis
800 1890 944 1966 utentes,
971 1881 1030 1970 qui
1051 1889 1085 1950 et
1104 1879 1260 1950 matesu-

136 1977 217 2054 tem
234 1985 389 2075 reginae,
416 1993 449 2053 et
468 1985 717 2054 venerationem
730 1985 829 2056 chori
841 1986 993 2053 deceant
1043 1983 1083 2051 ln
1097 1981 1168 2052 hoo
1180 2001 1262 2051 vero

138 2087 322 2176 colloquio
359 2087 517 2156 eximium
551 2090 697 2159 cernitur
727 2099 853 2181 poetae
882 2087 1051 2176 iudicium.
1102 2087 1192 2154 Nam
1228 2093 1262 2154 et

137 2190 370 2261 necessarium
393 2199 482 2274 erat,
515 2191 600 2260 inter
620 2191 715 2258 illam
741 2191 859 2260 somnii
884 2191 1108 2258 narrationem
1137 2198 1172 2256 et
1198 2185 1262 2255 ad-

138 2303 284 2364 ventum
305 2292 417 2361 nuncii
430 2293 557 2380 aliquid
571 2294 756 2385 interponi,
781 2316 851 2382 qno
873 2317 916 2362 ne
937 2292 1033 2360 nimie
1055 2313 1096 2360 ex
1113 2291 1259 2379 abrupto

42 2461 44 2469 ,
119 2396 261 2470 ,statim
290 2393 404 2461 clades
434 2396 663 2480 nunciaretur,
701 2406 735 2464 et
753 2395 839 2463 illud
867 2396 997 2484 ipsum,
1037 2394 1083 2461 de
1109 2413 1178 2480 quo
1206 2391 1305 2476 istiu

138 2500 237 2567 inter
260 2519 296 2564 se
322 2495 578 2585 colloquuntur,
604 2497 747 2565 multum
768 2495 814 2565 ad
832 2519 906 2564 rem
926 2496 1023 2580 facit,
1049 2494 1128 2584 quia
1148 2491 1262 2563 clades

139 2601 210 2670 illa
234 2621 356 2689 parum
384 2599 453 2666 visa
480 2609 565 2668 esset
591 2599 791 2685 verisimilia,
832 2595 895 2667 nisi
924 2600 1025 2668 etiam
1050 2596 1262 2667 Athenarum

139 2703 298 2796 potentia
318 2704 560 2793 spectatoribus
583 2703 617 2770 in
637 2712 783 2774 mentem
804 2709 1075 2772 revocataesset.
1126 2701 1181 2769 De
1194 2722 1262 2790 qua

114 2813 184 2876 're
210 2805 351 2874 scienter
376 2806 505 2876 monuit
517 2807 700 2876 Iacobsius.
748 2807 841 2875 lllud
864 2827 946 2875 vcro
965 2829 1008 2874 ne
1031 2803 1262 2895 quaerendum

142 2909 287 2999 quidem
305 2918 411 2999 puto,
437 2931 498 2980 cnr
518 2911 639 2980 Atossa
653 2910 810 2980 derebus
829 2910 1024 3003 interroget,
1049 2931 1132 2998 quas
1147 2909 1180 2978 ei
1196 2929 1262 2976 no-

143 3020 198 3080 tas
215 3035 285 3080 esse
299 3022 464 3103 oporteat.
514 3014 603 3082 Nam
622 3013 659 3082 id
679 3036 794 3084 omnes
807 3023 949 3105 poetae,
976 3023 1010 3082 et
1024 3012 1097 3080 inre
1113 3011 1262 3100 quidem,

146 3137 349 3186 concessum
367 3115 429 3184 sibi
448 3116 691 3202 emimarnnt,
716 3126 772 3205 ut,
798 3140 886 3206 quae
906 3116 950 3184 ad
970 3116 1108 3206 plenam
1128 3117 1178 3183 rei
1199 3135 1262 3183 oo-

147 3219 337 3310 gnitiouem
367 3219 551 3288 necessaria
578 3228 712 3305 essem,
756 3241 825 3288 non
857 3218 1092 3310 praeterirent,
1136 3216 1263 3286 etiamsi

147 3343 239 3394 nuuc
261 3321 399 3389 demum
421 3322 483 3390 ista
505 3322 591 3407 dici,
618 3323 814 3392 siccavere
836 3331 1010 3414 ageretur,
1035 3343 1158 3414 parum
1178 3326 1263 3390 esset

149 3424 326 3494 credibile.
375 3424 476 3494 Latet
495 3426 583 3494 enim
604 3423 674 3494 hoc
687 3429 928 3520 spectatprem',
955 3425 1087 3494 adrem
1102 3443 1262 3515 praescn-

149 3533 220 3596 tem
241 3534 421 3616 attentum,
462 3551 544 3614 neo,
586 3529 668 3598 dnm
695 3530 845 3598 fabulam
868 3537 1014 3620 spectat,
1049 3527 1162 3594 omnia
1186 3531 1263 3590 ante

151 3639 230 3699 acta
246 3631 356 3697 animo
375 3639 597 3720 reputantem.
655 3632 748 3699 Illud
768 3633 882 3721 potius
903 3627 1183 3698 considerandum
1202 3634 1262 3709 cut,
1284 3679 1292 3698 s

149 3754 255 3820 qnam
274 3733 449 3824 praeclare
471 3742 576 3826 poeta
597 3733 850 3804 admirationem
869 3734 999 3824 patriae
1018 3732 1095 3800 urbi
1117 3751 1159 3798 eo
1180 3749 1264 3798 oon·

151 3834 290 3921 oiliarit,
315 3837 427 3926 quod,
453 3836 742 3926 quemadmodum
759 3838 871 3906 omnia
883 3845 1014 3906 remota
1028 3857 1093 3904 nec
1109 3833 1186 3902 ratis
1200 3855 1263 3903 co-

150 3937 248 4027 gnita
268 3940 516 4009 admirabiliora
537 3939 709 4029 videntur,
743 3941 790 4011 ita
811 3941 912 4012 etiam
934 3939 978 4009 de
998 3937 1140 4008 Athenis
1160 3946 1199 4006 ut
1217 3936 1263 4006 de
1318 3981 1321 3987 -
1349 3993 1351 4002 .

150 4038 231 4110 loco
245 4041 437 4136 longissime
451 4044 566 4114 dissito
581 4045 721 4115 etfama
739 4055 868 4116 tantum
883 4053 965 4112 noto
989 4043 1105 4112 Persas
1118 4042 1263 4132 loquen-

149 4149 200 4212 tes
224 4145 417 4216 introducit.
964 4197 967 4203 ·

251 4249 325 4318 lam
345 4272 443 4335 vero,
477 4250 585 4319 dubiis
597 4261 690 4321 metu
705 4250 840 4335 animis,
865 4249 1003 4320 nuncius
1025 4249 1170 4336 advenit,
1195 4269 1264 4318 non

150 4342 210 4420 ille
233 4354 345 4424 statim
373 4353 560 4452 composita
589 4356 739 4425 oratione
761 4377 834 4424 rem
858 4377 1043 4449 exponens,
1070 4354 1150 4441 sed,
1175 4350 1264 4420 utin
