3120 5030
239 391 263 456 ο
313 412 316 424 ·
602 386 660 446 DE
684 385 999 452 nncvussuurs

240 559 416 630 Postrema
430 555 518 628 haec
536 555 712 626 Lascaris'
702 567 749 626 rta
763 557 885 630 habet:
911 551 960 631 τοί
977 561 1026 639 εἰς
1041 583 1084 631 υν
1099 553 1240 683 θηλυκοί
1263 554 1353 633 σπαί-

242 659 430 780 61666163
456 662 647 754 προσθέσει
663 661 732 734 τοῦ
746 688 784 742 ος
803 663 951 734 ποιοῦοι
972 659 1040 758 τήν
1054 655 1210 756 γενικήν,
1239 659 1350 785 όμρί-

242 791 287 844 ως
306 768 383 843 τοῖς
401 759 599 890 α’ρσονινοῐς
607 757 762 884 μακρόν
784 757 831 836 τό
843 791 865 836 υ
881 768 919 838 ἐν
934 769 1013 844 ταῖς
1027 762 1193 852 πλαγίαις
1209 759 1354 859 φιλοίν-

241 892 377 954 νοντα,
410 864 490 937 οἷον
514 894 535 953 η
526 858 729 959 “Γο’ρτυν,
755 866 819 962 τῆς
839 860 1032 994 Γόρτυνρς.
1089 866 1234 956 Reliqua
1259 867 1352 959 apud

241 967 444 1038 eumdem
421 989 468 1036 src
488 968 612 1057 scripta
636 977 726 1036 sunt:
750 963 796 1040 τό
821 969 859 1040 δὲ
874 993 933 1057 υς,
960 997 995 1041 οι
987 967 1100 1059 μὲν,
1125 967 1289 1090 μακρόν,
1316 975 1354 1041 αι’

242 1071 301 1159 66,
326 1063 447 1164 βραχσί
461 1065 517 1140 α’σί
531 1063 720 1160 ἐνόμισαν
746 1067 822 1143 666
838 1065 949 1163 σοφός
962 1065 1246 1163 Ηρωδιανός,’
1233 1071 1352 1162 ενμὲν

240 1173 288 1268 τῇ
303 1169 546 1266 ὀνομαστική,
576 1165 691 1261 μόνον
716 1169 808 1244 εἶναι
833 1171 953 1268 βραχό
979 1199 1107 1270 φησιν,
1148 1177 1187 1246 ἐν
1213 1173 1251 1246 66
1272 1177 1354 1252 ταῖς

157 1321 159 1326 -
240 1273 427 1366 πλαγίαις,
461 1267 624 1393 ραιρόν,
663 1272 751 1401 ὅπερ
777 1272 798 1372 ἡ
824 1275 962 1392 χρῆσις
967 1277 1039 1345 τῶν
1054 1275 1224 1394 ποιητῶν
1248 1279 1353 1366 ἐκβε-

239 1382 360 1470 βαιοῐ·
390 1365 493 1473 όγοίρ
511 1368 695 1457 παλαιός’
678 1383 807 1458 αισῑνος
823 1369 962 1474 ’.Ορφι
956 1381 1034 1456 ςὲν
1054 1371 1352 1473 ’Λργοναυτιιιοῖς

241 1475 337 1552 οὕτω
360 1477 465 1577 φησί,

342 1615 499 1710 Πρωτέα
518 1641 579 1692 ναι
571 1605 772 1710 Φόρκυνα
796 1613 854 1687 καί
877 1611 1046 1712 σύρυβίην
1071 1612 1251 1708 Τρίτωνα,

241 1749 354 1832 οὕτως
369 1747 501 1843 ὁμοίως
515 1749 574 1822 ναί
595 1746 617 1822 6
638 1745 788 1848 ποιητής
807 1756 846 1824 ἐν
860 1751 915 1847 τῷ
931 1745 957 1822 σί
978 1750 1042 1848 τῆς
1056 1747 1281 1836 Ὀδυσσείας,

343 1880 527 1984 Φόρκυνος
549 1879 736 1982 θυρσίτηρ,
771 1881 856 1970 σίλός
877 1885 1093 1986 οίιρυγίτοιο
1115 1851 1303 1980 μίδοντος,

240 2021 300 2094 ναί
316 2013 425 2093 πόλιν
442 2025 480 2096 ἑν
497 2023 550 2121 τῷ
571 2016 599 2095 ν’
627 2023 690 2120 τῆς
711 2019 836 2120 αὐτῆς,

269 2195 272 2203 =
342 2149 527 2254 Φόρκυνος
551 2160 589 2239 66
612 2159 667 2241 τίς
686 2158 762 2236 ἐστί
782 2153 892 2259 λιμήν
913 2157 1031 2274 diluto
1060 2158 1245 2256 γέροντος,
1350 2161 1351 2170 ’

239 2307 298 2384 καί
317 2312 356 2384 ἐν
379 2310 433 2408 τῷ
455 2305 486 2407 γ’
507 2311 571 2413 τῆς
596 2306 723 2411 αὐτῆς,

340 2459 693 2564 ἐσχαπιῇΤόρτυνος
714 2471 752 2542 ἐν
768 2462 949 2565 η’σροσιδίι·
968 2461 1100 2564 πόντῳ.

238 2614 298 2690 ιιαί
318 2575 514 2699 Διονύσιος
536 2616 556 2690 6
577 2611 813 2714 περιηγητής,

341 2761 416 2865 ποίρ
439 2766 477 2843 θ’
502 2762 603 2868 ιερήν
624 2764 796 2866 Γόρτυνα
813 2795 873 2841 ιιαι
865 2764 1109 2868 η’πειρσίιιδα
1128 2764 1305 2846 Φαιστόν.

214 2920 312 3000 θοοῦ
334 2922 372 2996 δὲ
396 2919 555 3046 Φόρκυς,
583 2918 761 3022 Φόρκυος,
793 2916 842 2997 τό
872 2950 932 3004 uo,
972 2917 1110 3019 βραχύ·
1143 2919 1192 2997 τοί
1216 2917 1285 3019 γοίρ
1310 2925 1359 3003 εἰς

117 3065 121 3072 ‹
241 3051 300 3114 υς,
330 3018 451 3122 βραχό
471 3055 516 3100 πο
508 3019 757 3124 δίχρονον”
735 3050 899 3116 εχουσιν
951 3024 1043 3099 ὅθεν
1059 3027 1118 3099 ιιαί
1132 3026 1356 3106 Ἡσίοὸοςὲν

221 3126 445 3222 Θεογονίᾳ,

345 3256 488 3360 Φόριυί
507 3259 542 3337 6
564 3291 611 3337 αυ
600 3257 748 3365 qu6
755 3262 893 3362 Γραίας
881 3213 1078 3339 rena
1008 3258 1282 3363 καλλιπαρῄους.

241 3421 408 3510 Apertum
428 3425 479 3484 est
499 3415 659 3486 Lascarin
684 3418 791 3486 multo
814 3418 1015 3502 accuratius,
1041 3442 1141 3508 quam
1165 3419 1357 3508 Draconem

242 3519 429 3592 Herodiani
454 3523 649 3589 sententiam
669 3521 828 3588 retulisse.
880 3523 1000 3610 Neque
1024 3523 1112 3590 enim
1137 3519 1358 3588 dubitandum

241 3625 391 3710 videtur,
426 3621 506 3712 quin
533 3623 764 3711 Herodianus,
797 3645 901 3712 quum
927 3651 948 3695 υ
973 3625 1008 3690 in
1028 3625 1230 3692 nominativo
1254 3625 1358 3689 breve

243 3750 313 3796 esse
327 3726 482 3810 doceret,
510 3725 554 3794 de
568 3727 755 3806 masculinis
780 3727 815 3794 in
837 3753 895 3815 υς,
921 3749 989 3794 non
1012 3725 1056 3794 de
1081 3727 1243 3796 femininis
1257 3727 1292 3792 in
1314 3751 1357 3796 υν

164 3851 167 3855 ·
240 3828 423 3928 terminatis
439 3829 596 3920 loquutus
618 3827 729 3898 fuerit.
779 3829 849 3898 Sed
868 3829 939 3898 hoc
962 3832 1080 3900 obiter.
1132 3832 1231 3899 Nunc
1251 3850 1358 3916 quae-

241 3955 332 4018 ram,
359 3932 491 4000 cuinam
505 3932 587 4000 istae
603 3929 736 4024 Orphei
756 3931 931 4002 citationes
951 3932 1143 4000 debeantur.
1194 3933 1357 3999 Vtrumne

242 4033 470 4104 Herodiano?
506 4024 653 4104 Mirarer
682 4058 778 4119 sane,
821 4035 849 4102 si
867 4035 927 4102 hic
950 4035 994 4102 ad
1026 4033 1205 4126 Orpheum
1236 4031 1357 4100 confuss

243 4136 365 4231 gisset,
390 4137 450 4204 ubi
465 4137 654 4207 Homerum
669 4139 792 4207 aliosve
804 4139 913 4206 bonos
928 4149 1078 4208 auctores
1093 4159 1357 4208 commemorare

243 4240 320 4309 satis
333 4249 415 4308 erat
436 4241 521 4310 -An
533 4240 707 4309 Draconi?
731 4242 811 4312 Hoc
831 4263 967 4331 quoque
992 4244 1147 4326 mirarer,
1173 4249 1207 4309 ot
1222 4239 1358 4332 proles-

244 4365 298 4412 sus
326 4366 399 4413 sunu
427 4342 495 4412 ianr
519 4341 555 4414 in
580 4343 811 4416 dissertatione
836 4344 883 4418 de
909 4344 1354 4438 aetateldrgonauticorum.
