3078 5026
286 345 351 411 rac
434 341 493 406 or
521 337 679 404 cnouo
707 335 997 424 avusrruvu
1018 291 1251 408 assensui

226 487 234 503 ›
285 515 474 588 concedam
492 513 611 600 eliam,
635 513 697 582 illa
717 533 749 584 v.
760 511 847 584 140.
872 509 990 613 ἔγειρ’,
1010 515 1126 613 ἔγειρε
1145 509 1207 590 'nal
1226 509 1273 590 ori
1284 508 1401 614 τήνδ’,

286 613 356 715 irai
378 617 416 692 cl
430 619 483 698 od,
512 625 546 685 et
561 640 593 685 v.
610 612 696 686 588.
712 617 841 690 πολλαὶ
855 621 925 711 μέν
942 623 1068 712 ἐσμεν,
1094 620 1241 712 λέξομεν
1255 617 1295 691 δὲ
1307 642 1400 695 συν·
1417 669 1421 678 -

285 715 424 816 τόμως,
451 721 496 790 de
516 721 620 789 tribus
635 721 745 810 accipi
762 743 879 811 posse,
906 721 966 789 etsi
978 743 1043 791 nec
1060 730 1146 813 puto
1162 721 1210 789 ita
1224 731 1295 790 esse
1307 722 1403 793 acci·

284 823 428 916 pienda,
455 833 489 892 et
504 824 575 895 vim
592 845 633 892 ac
648 824 803 892 virtutem
823 822 946 892 horum
959 824 1114 893 locorum
1134 847 1175 894 ea
1196 823 1401 916 interpreta-

284 929 377 995 tione
395 927 545 995 imminui
561 927 679 1008 ride03
704 949 878 1016 quumque
891 947 1015 1019 negem
1034 949 1075 994 ex
1091 948 1152 1014 eo,
1178 927 1274 1016 quod
1288 949 1318 997 v.
1333 927 1399 998 48.

284 1053 378 1122 seqq.
395 1053 473 1100 cnm
492 1029 711 1120 Gorgonibus
724 1039 758 1098 et
775 1031 933 1120 Harpyiis
949 1040 1196 1120 comparantur,
1221 1030 1267 1099 de
1279 1053 1401 1100 nonre-

259 1141 325 1205 aro
346 1133 530 1223 quidquam
553 1133 671 1224 colligi
693 1155 810 1223 posse,
837 1156 923 1222 quae
941 1133 1152 1202 Blomlieldii
1166 1134 1325 1202 sententia
1338 1145 1400 1222 eet,

285 1236 377 1304 aliud
395 1253 460 1328 pro
483 1234 554 1304 hoc
572 1245 771 1328 argumento
787 1237 999 1330 substituam,
1027 1237 1121 1326 qood
1142 1245 1239 1304 eruut
1254 1238 1314 1326 qui
1330 1259 1399 1306 non

283 1340 359 1408 leve
379 1341 565 1430 putabunt,
598 1361 630 1406 v.
657 1335 743 1406 255.
778 1341 822 1407 ab
841 1361 908 1407 una
929 1331 1106 1408 Furiarum
1130 1339 1275 1429 'reliquas
1291 1343 1400 1409 verbo

284 1442 378 1510 duali
396 1442 611 1534 compellari:
637 1441 782 1532 denique
795 1440 878 1510 nihil
891 1443 1036 1514 tribuam
1051 1443 1237 1512 auctoritati
1251 1443 1400 1512 scholia-

177 1577 181 1582 *
284 1555 364 1630 stae,
390 1547 448 1635 qui
462 1546 507 1613 ad
524 1569 555 1620 v.
572 1541 659 1614 588.
674 1545 796 1613 diserte
811 1545 1005 1635 quindecim
1017 1545 1136 1614 Furias
1154 1545 1255 1622 luisse
1268 1547 1401 1616 scribite

285 1648 369 1738 quid
387 1650 456 1716 iarn
474 1649 527 1716 lris
546 1649 749 1739 argumentis
765 1650 918 1718 omnibus
931 1649 1100 1718 efficitur?
1123 1648 1218 1718 Nihil
1235 1671 1333 1735 vero,
1360 1659 1401 1718 ut

284 1752 415 1842 opinor.
466 1752 634 1819 Laudabo
658 1752 763 1836 enirn,
795 1751 854 1841 qui
874 1753 1096 1842 probabiliter
1114 1752 1331 1844 respondebit
1353 1751 1400 1822 ad

283 1853 372 1922 baec
396 1855 483 1941 duo,
516 1855 646 1946 primo,
678 1855 770 1922 unde
790 1854 944 1939 tandem,
972 1855 999 1922 si
1020 1864 1088 1925 tres
1108 1855 1253 1942 fuerunt,
1278 1855 1399 1926 fabula

283 1959 346 2026 ista
366 1956 410 2026 de
431 1958 675 2048 quinquaginta
689 1957 795 2024 Furiis
810 1958 889 2026 oriri
901 1959 1064 2050 potuerit,
1086 1981 1174 2047 quae
1196 1960 1223 2026 si
1247 1958 1292 2028 ad
1310 1961 1401 2028 veri-

169 2064 171 2070 ’
282 2068 386 2128 talem
413 2070 609 2145 revocatur,
642 2059 724 2150 quid
741 2060 844 2128 ,aliud
872 2083 975 2150 quam
996 2060 1075 2130 'hoc
1097 2061 1239 2150 indicat,
1272 2062 1400 2154 plures,

162 2165 164 2174 ‘
283 2185 386 2254 quam
417 2165 615 2254 oportebat,
657 2163 782 2232 fuisse?
815 2163 957 2248 deinde,
996 2165 1190 2254 quomodo,
1233 2165 1328 2256 quod
1357 2185 1400 2234 ex

282 2267 410 2358 Apsinc
447 2268 482 2335 in
517 2267 665 2336 secunda
693 2275 880 2336 nostrarum
914 2267 1180 2338 dissertationum
1219 2268 1399 2353 attulimus,
1518 2264 1527 2321 'x

156 2461 161 2468 Ἄ
282 2380 438 2463 apertum
457 2372 606 2462 potuerit
625 2371 828 2463 minimeque
844 2370 984 2440 dubium
997 2373 1123 2441 crimen
1134 2373 1331 2465 tragoediae
1348 2373 1401 2458 illi

282 2476 505 2567 exprobrari,
528 2474 588 2542 nisi
607 2472 644 2540 id
666 2473 701 2542 in
721 2495 762 2541 eo
787 2475 851 2542 fuit
876 2476 1041 2565 positum,
1074 2476 1185 2564 quod,
1222 2497 1309 2566 quae
1331 2484 1399 2544 tres

161 2633 164 2640 ,
280 2576 494 2645 habebantur
512 2577 654 2661 Furiae,
685 2577 802 2668 plures
824 2599 894 2664 esse
916 2587 1021 2666 poeta
1040 2578 1203 2670 voluerat
1253 2579 1319 2661 At,
1346 2579 1400 2646 in-

281 2680 375 2769 quiat
397 2681 559 2764 fortasse,
598 2701 735 2769 prorsus
765 2679 963 2748 incredibile
984 2687 1050 2764 est,
1095 2685 1164 2746 tarn
1184 2679 1401 2772 impudenter

281 2785 451 2852 contemni
477 2781 659 2874 religiones
685 2784 855 2874 potuisse,
896 2792 934 2849 nt
955 2782 1028 2870 quis
1051 2805 1228 2851 numerum
1255 2779 1399 2853 deorum

280 2907 345 2978 pro
360 2887 496 2953 arbitrio
514 2886 763 2976 multiplicaret.
814 2883 957 2952 Minime
969 2906 1062 2952 vero.
1113 2885 1217 2954 Aliud
1232 2893 1282 2953 est
1295 2887 1396 2972 enirn,

281 3010 425 3086 protunc
442 2987 509 3057 deo
522 2989 636 3079 plures
651 2985 837 3067 introduci3
863 2986 965 3072 aliud,
992 2987 1051 3076 qui
1065 2995 1140 3057 sunt
1153 3011 1294 3056 numero
1314 2989 1397 3081 plu·

280 3115 352 3177 res,
392 3115 509 3160 corum
537 3090 655 3182 augeri
682 3111 867 3158 numerum.
926 3090 1021 3158 lilius
1048 3091 1137 3161 enim
1167 3100 1284 3159 natura
1307 3094 1397 3185 perit
1531 3145 1532 3152 1

166 3272 169 3280 ¹
279 3195 556 3287 multiplicando,
582 3193 706 3262 horum
728 3216 798 3261 non
819 3193 930 3262 solnm
949 3200 1181 3285 conservatur,
1211 3193 1301 3263 unde
1323 3195 1395 3264 Fu·
1531 3259 1532 3278 ,

280 3297 345 3366 rias
367 3308 401 3366 et
419 3298 553 3367 Gratias
575 3297 633 3364 alii
659 3296 760 3380 duae,
791 3297 848 3364 alii
871 3307 937 3366 tres
962 3321 1034 3366 esse
1061 3299 1302 3380 existimarunt3
1335 3298 1399 3366 sed

279 3402 389 3495 magis
410 3403 511 3470 etiam
530 3397 782 3490 exsplendescit
835 3397 1050 3488 Omninoque
1075 3401 1111 3466 in
1132 3399 1240 3468 Furiis
1256 3399 1398 3491 aliisque
1531 3397 1532 3484 J

222 3587 224 3592 ¹
279 3503 474 3575 huiusmodi
488 3502 676 3572 numinibus
688 3501 853 3571 incertum
869 3501 1015 3590 aliquem
1032 3524 1208 3570 numerum
1230 3506 1396 3573 mentibus

278 3607 456 3679 hominurn
474 3609 687 3676 obversatum
711 3627 799 3690 esse,
826 3605 882 3672 vel
905 3603 1009 3691 illud,
1035 3605 1131 3696 qnod
1148 3606 1241 3700 apud
1264 3587 1408 3677 Hone·'

279 3733 355 3780 rum
374 3721 408 3788 et
423 3709 640 3793 Hesiodum,
667 3703 797 3777 deinde
820 3708 911 3799 apud
926 3708 1042 3800 plures
1065 3710 1148 3778 alios
1170 3718 1236 3796 est,
1260 3704 1397 3808 μητρός

280 3823 314 3881 el
337 3805 475 3912 πατρδς
493 3805 695 3906 ‘licaoniae
735 3835 879 3902 arguere
901 3812 1043 3881 videtur.
1102 3813 1217 3897 Quare
1240 3813 1396 3916 Aeschy-
1531 3805 1532 3894 ζ

279 3915 352 3984 lum
366 3917 528 3987 credibile
547 3923 613 3998 est,
629 3907 743 4001 ‘quam
756 3913 873 3982 Furias
890 3915 1135 3999 introduceret,
1160 3917 1284 3998 tribas,
1306 3937 1395 4005 quae
1481 3961 1484 3970 ,

278 4021 419 4110 proprie
437 4019 562 4088 Furiae
575 4015 804 4100 habebantur,
831 4017 1026 4084 comitatum
1040 4016 1228 4086 adiunxisse
1242 4018 1394 4102 aliarum,

279 4143 368 4210 quae
389 4121 480 4188 varia
502 4123 637 4189 illarum
654 4118 767 4187 munia
780 4121 960 4205 obeuntes,
985 4119 1096 4189 sociae
1117 4121 1183 4192 illis
1203 4130 1237 4190 et
1251 4120 1395 4189 admini-

182 4263 184 4270 ι
278 4235 365 4293 strae
386 4233 502 4291 essent.
551 4225 706 4312 Eamque
727 4245 801 4291 ram
822 4223 936 4292 nescio
965 4247 1008 4292 an
1026 4223 1175 4293 indicare
1197 4225 1340 4292 voluerit
1360 4245 1393 4292 v.

249 4364 251 4371 ·
278 4325 367 4400 419.
393 4322 495 4424 ἡμεῖς
516 4319 585 4422 γάρ
605 4330 713 4420 ἐσμεν
736 4319 1001 4422 conculcationis
1017 4328 1138 4417 virro,
1163 4323 1273 4424 'Apol
1294 4323 1331 4402 δ’
1352 4330 1392 4400 ic
