3058 5046
254 405 319 466 ror
366 381 424 460 ns
445 397 704 461 nrsronmr
734 397 953 459 eunucus
977 397 1264 460 ruruonons

255 593 353 641 cursu
376 569 440 638 sibi
461 573 551 638 riam
572 571 729 653 fecerint3
760 570 841 642 hinc
860 592 1002 654 cornua,
1027 569 1157 661 insigne
1178 571 1368 660 fluviorum,

255 683 289 742 et
307 695 431 744 vaccae
453 673 572 742 forma.
625 675 795 765 Populus,
829 675 888 764 qui
917 697 957 743 ea
981 673 1059 743 loca
1081 675 1271 762 accolebat,
1303 698 1369 766 ag-

253 800 337 869 gere
361 798 463 865 aquas
489 777 642 848 cohibuit
663 799 704 845 ex
729 777 892 870 argilloso
913 778 1015 860 limo,
1051 776 1110 865 qui
1133 785 1167 844 et
1189 778 1285 845 albus
1308 787 1367 862 est,

253 880 344 948 unde
364 903 488 948 nomen
502 883 607 972 Argi,
634 889 667 947 et
683 882 882 973 spongiosus
895 880 1083 971 plenusque
1106 881 1249 965 tubulis,
1275 881 1368 948 unde

252 975 437 1078 μυριωπδς
461 993 494 1051 et
513 975 818 1076 πολυόφθαλμοςς
843 985 888 1053 ab
908 984 1040 1073 origine
1063 992 1175 1051 eutem
1196 992 1229 1050 et
1250 983 1367 1052 officio

252 1085 347 1153 idem
369 1080 534 1183 γηνενής,
563 1086 750 1176 terrigena,
779 1095 813 1154 et
834 1079 1042 1181 'Aisvoiclnffi
1068 1084 1156 1153 filius
1172 1087 1367 1172 Averrunci,

253 1187 372 1257 dictus.
419 1185 572 1286 ’.Αρηον
582 1185 736 1257 Micuum
757 1190 859 1276 verti,
892 1197 929 1257 ut
952 1187 1206 1279 ambiguitatem
1226 1189 1368 1258 nominis

157 1375 162 1384 .
253 1313 429 1360 servarem
494 1293 584 1360 Nam
624 1293 684 1382 qui
725 1303 874 1388 cognata
912 1291 1079 1360 vocabula
1112 1293 1369 1383 comparaverit,

221 1427 223 1440 ν
254 1415 468 1462 communem
511 1396 660 1463 omnium
709 1396 855 1465 micandi
896 1394 1173 1488 significationem
1209 1386 1368 1487 reperiet,

253 1520 341 1587 quae
360 1520 449 1568 nunc
470 1498 515 1566 ad
534 1499 641 1567 solam
667 1500 890 1585 celeritatem,
932 1498 1142 1566 nuncetiam
1172 1498 1218 1564 ad
1239 1499 1369 1568 cando-

253 1623 326 1668 rem
339 1601 497 1669 transleta
513 1611 570 1670 est.
622 1603 751 1670 Satiato
772 1627 859 1692 aqua
875 1603 975 1687 limo,
1006 1602 1221 1691 oppletisque
1240 1603 1367 1670 rimulis

254 1704 424 1789 omuibus,
451 1727 605 1793 quaeres
624 1728 688 1796 per
708 1703 900 1798 consopitos
915 1705 1034 1774 oculos
1046 1705 1221 1790 indicatur,
1247 1729 1366 1794 aquae,

253 1805 307 1874 via
321 1816 479 1901 reperta,¹
500 1808 594 1896 quod
610 1809 787 1878 Mercurio
809 1809 937 1879 auctori
952 1807 1174 1899 adscriptum,
1199 1831 1369 1900 perrupe-

253 1917 349 1993 runt,
383 1919 416 1976 et
445 1912 554 1978 libero
577 1932 674 1980 cursu
701 1935 736 1979 se
761 1911 1001 2004 profuderunt:
1039 1911 1131 1979 unde
1151 1934 1275 1980 nornen
1296 1905 1366 1986 Ἰώ.

252 2013 394 2088 Errores
416 2013 471 2080 lus
490 2015 663 2134 persequi
674 2016 816 2106 longum
848 2023 956 2082 estet
981 2013 1116 2082 inutile:
1150 2016 1224 2084 finis
1250 2037 1367 2084 eorum

251 2115 426 2187 videndus,
477 2117 532 2188 De
549 2140 617 2206 quo
641 2117 687 2186 sic
706 2117 940 2209 Apollodorus
955 2115 999 2183 ll
1027 2115 1366 2202 1,3.τελευταῖον

253 2215 336 2314 ἧκεν
359 2221 407 2298 εἰς
429 2218 633 2312 Αἴγυπτον·
669 2219 761 2293 ὅπου
784 2248 853 2318 την
873 2216 1029 2317 ἀρχαίαν
1053 2214 1201 2316 μορφήν
1226 2217 1364 2294 αὐοία-

251 2321 391 2414 βυῦσα,
418 2321 527 2416 γεννᾷ
547 2349 646 2419 παρα
670 2351 721 2418 τῳ
709 2323 858 2417 Νείλῳ
875 2321 1033 2415 ποταμῷ
1051 2320 1225 2416 Ἔπαφον
1240 2327 1364 2396 παῖδα

164 2493 166 2500 .
252 2423 387 2496 τοῦτον
397 2418 448 2496 δὲ
465 2421 573 2520 Ἦρα
604 2430 722 2499 δεῖται
749 2419 949 2522 Κουρήτων
979 2420 1104 2520 ἀφανῆ
1125 2427 1295 2522 ποιῆσαι·
1330 2429 1366 2497 οἱ

252 2522 334 2598 δὲ
311 2521 496 2650 ηφυίνισαν
522 2522 649 2601 αὐτόν
680 2557 739 2600 ναι
731 2523 853 2608 Ζευς
873 2527 942 2621 μὲν
966 2521 1208 2618 cicatricosae,
1234 2526 1365 2651 κτείνει

251 2621 465 2724 Κούρητας
504 2623 566 2702 ’103
594 2631 676 2702 δὲ
659 2631 716 2704 eoi
744 2625 889 2728 ζήτησιν
914 2629 983 2702 rori
1007 2624 1182 2710 παιδδς
1165 2625 1363 2726 erpoinero

251 2732 463 2828 πλανωμένη
483 2732 521 2804 δὲ
544 2761 637 2805 κατα
629 2726 845 2830 Συρίαν
818 2755 982 2804 απασαν·
1010 2736 1084 2804 ἐκεῖ
1097 2726 1166 2853 γυίρ
1190 2727 1364 2856 ἐμηνύετο

254 2829 299 2911 cic
323 2860 391 2904 του
378 2815 584 2926 Βυβλίων
601 2838 774 2928 βασιλέως
797 2862 886 2930 γυνη
910 2827 1075 2932 ἐτιθήνει
1093 2828 1161 2907 τόν
1180 2829 1279 2907 υἱόν·
1305 2833 1367 2906 ναί

205 2928 323 3012 locor
337 2932 511 3056 Europos
536 2933 713 3031 ω’ρουσα,
741 2965 789 3018 εις
803 2938 996 3029 Αιγυπτον
1018 2936 1199 3016 ἐλθοῦσα,
1225 2931 1368 3032 ἐγαμή-

251 3047 304 3132 θη
331 3030 514 3136 Τηλεγόνῳ
545 3039 599 3110 ‘coi
625 3033 858 3132 βασιλευοντν
887 3034 976 3113 τότε
1004 3038 1225 3130 Αἰγυπτίων.
1285 3040 1368 3106 Non

251 3163 338 3233 opus
360 3142 488 3227 linerat,
514 3144 711 3250 Aegyptum
735 3152 769 3212 et
786 3143 903 3212 Nilum
923 3141 1094 3210 nominari.
1146 3141 1366 3210 Manifestum

242 3253 302 3312 -est
321 3267 409 3312 emm
417 3283 429 3330 ,1
461 3245 531 3312 Io
521 3269 629 3337 rpsam
652 3270 755 3336 aquas
780 3269 851 3314 esse
876 3246 962 3315 Nili:
996 3268 1083 3335 quae
1104 3247 1217 3314 multis
1241 3247 1364 3313 amfra-

250 3347 359 3417 ctibus
372 3347 407 3414 in
421 3369 496 3414 eam
512 3349 706 3440 regionem,
733 3352 788 3423 cui
815 3353 979 3441 Aegypto
1001 3371 1124 3417 nomen
1145 3359 1204 3435 est,
1224 3349 1367 3434 deletae,

123 3497 125 3500 -
249 3459 448 3542 recuperata
469 3452 607 3543 pristina
626 3453 753 3537 forma,
779 3453 800 3520 i.
825 3476 854 3520 e.
876 3475 986 3521 rursus
1011 3451 1228 3538 exundanteS,
1255 3452 1367 3543 omnia

250 3565 437 3647 occupant:
468 3555 560 3623 unde
579 3556 667 3624 lilius
688 3556 744 3625 lus
758 3553 946 3652 Ἔπαφος,
979 3554 1151 3647 Occupus.
1204 3555 1307 3627 Hunc
1329 3563 1366 3623 ut

250 3659 437 3744 occultent,
463 3660 655 3750 Populonia
667 3669 769 3752 rogat
782 3659 969 3740 Iuventios3
995 3649 1079 3748 quos
1100 3668 1297 3750 perpetrato
1310 3658 1361 3725 fa-

250 3762 364 3832 cinore
390 3762 515 3842 occidit
535 3763 709 3855 luppiter,
750 3763 792 3831 ld
816 3772 884 3847 est,
918 3762 1089 3854 populum
1113 3784 1275 3852 percos,
1308 3761 1366 3850 qui

250 3873 357 3933 aetate
378 3874 412 3933 et
432 3867 583 3934 sollertia
609 3868 752 3935 maxime
773 3867 943 3957 uigerent,
969 3866 1103 3944 canales
1124 3865 1262 3951 fecisse,
1289 3864 1366 3954 qui·

249 3967 312 4034 bus
335 3967 522 4038 defluerent
550 3992 675 4059 aquae;
715 3969 775 4056 sed
798 3979 954 4039 conatum
980 3969 1073 4036 hunc
1098 3969 1228 4036 irritum
1254 3968 1364 4036 fuisse.

249 4069 329 4138 Non
351 4071 543 4142 dissimilem
571 4074 725 4164 febulam
759 4080 871 4140 narrat
897 4073 1067 4141 Diodorus
1097 4073 1124 4139 1.
1146 4069 1207 4139 19.
1259 4073 1367 4139 Porro

252 4197 356 4264 quum
376 4173 440 4244 Itia
461 4177 570 4244 filium
592 4177 686 4269 apud
708 4178 862 4270 reginam
876 4176 1089 4260 Pleniornm‚
1123 4174 1183 4242 ubi
1205 4176 1366 4261 alebatur,

253 4279 434 4368 invenisse,
462 4287 496 4348 et
518 4301 653 4351 reverse
674 4281 709 4349 in
732 4284 931 4372 Aegyptum
951 4279 1181 4370 Proculigno,
1203 4279 1279 4370 regi
1295 4277 1372 4345 Ae-

249 4382 360 4474 gypti,
399 4383 547 4475 nupsisse
574 4383 715 4468 (licitur,
750 4393 905 4476 apertum
929 4394 998 4470 est,
1030 4383 1212 4475 significari
1231 4380 1370 4450 deside·
