3078 5026
289 354 351 419 154
436 351 495 412 DE
517 351 678 412 cuono
705 350 995 414 EVMENIDVM
1015 349 1254 414 AESCHYLI

171 601 173 606 ,
288 531 380 594 otum
402 545 484 608 esse,
510 544 577 590 non
598 523 878 613 improbabilibus
895 545 951 592 me
972 523 1176 614 argumentis
1191 533 1403 593 osternnrum

288 647 400 719 spero.
449 627 538 694 Nam
553 633 592 693 nt
609 624 739 695 abhoc
754 626 885 710 ordiar,
912 626 984 715 quis
998 626 1100 695 facile
1112 627 1172 695 sibi
1187 627 1404 718 persuadeat,

286 729 513 819 Aeschylum,
538 728 650 797 virum
673 729 768 820 apud
783 731 966 818 populares
984 750 1061 798 snos
1082 730 1204 799 virtute
1218 741 1253 798 et
1266 731 1403 800 fenim-

287 831 365 900 dine
397 830 545 918 clarum,
595 831 640 900 ob
672 823 869 924 tragoediae
902 831 1148 923 perfectionem
1180 833 1400 918 celebratum,

285 942 428 1026 propter
450 934 634 1004 carminum
661 957 797 1018 snorum
814 935 1050 1025 praestantiam
1076 933 1310 1032 honoratum,
1331 958 1400 1005 non

284 1038 400 1129 paucis
419 1038 584 1129 insignem
606 1036 768 1122 uictoriis,
805 1037 956 1162 denique
981 1059 1049 1105 non
1077 1040 1285 1108 omittentem
1312 1037 1401 1108 haec

285 1140 414 1226 studia,
439 1139 500 1210 sed
518 1163 620 1230 quam
638 1141 781 1210 maxime
804 1141 839 1207 in
856 1141 895 1208 iis
918 1149 1200 1232 perseverantem,
1226 1143 1400 1232 qnis,in-

284 1266 407 1333 qnam,
432 1229 496 1312 sibi
511 1242 732 1334 persuadeat,
756 1243 988 1334 huncpatria‚
1014 1266 1080 1336 pro
1103 1267 1170 1335 qna
1192 1253 1245 1314 ter
1266 1256 1400 1314 strenue

284 1347 517 1428 dimicaverat3
544 1368 653 1431 scena,
680 1369 782 1436 quam
795 1348 868 1439 ipse
881 1346 1088 1437 perfecerat·
1113 1348 1230 1417 favore
1247 1358 1282 1416 et
1297 1347 1398 1438 plan

239 1457 326 1520 l‘tsn
349 1450 489 1534 civium,
514 1450 635 1538 qnibns
650 1472 717 1518 non
731 1458 864 1540 poterat
886 1473 955 1518 non
968 1450 1263 1518 desideratissimus
1276 1450 1399 1535 redire,

282 1552 445 1624 tredecim
461 1575 584 1638 annos,
610 1561 661 1621 tot
681 1554 770 1620 enim
792 1554 926 1621 suntab
942 1552 1083 1644 Olymp.
1097 1553 1286 1622 LXXVIII.
1302 1552 1337 1626 l.
1354 1552 1398 1620 ad

282 1656 386 1724 linem
405 1657 494 1723 vitae
518 1655 612 1740 eins,
631 1678 747 1726 carere
768 1655 980 1724 sustinuisse?
1021 1655 1154 1724 Deinde
1177 1657 1251 1746 quis
1272 1656 1401 1740 eredat,

283 1781 362 1826 eum
387 1760 558 1828 absentem
584 1760 618 1825 in
645 1759 779 1845 Sicilia,
812 1758 956 1829 Athenis
980 1759 1113 1827 fabulas
1134 1782 1198 1850 per
1225 1758 1310 1826 alios
1333 1759 1399 1826 do-

283 1859 414 1931 cuisse?
446 1861 541 1950 quod
561 1861 737 1952 profecto,
772 1861 800 1928 si
825 1860 1029 1951 quidquam,
1054 1863 1099 1930 ab
1125 1863 1217 1948 omni
1236 1862 1399 1930 verisimi-

281 1963 422 2032 litudine
443 1963 612 2032 abhorret.
664 1963 758 2048 Quid
779 1963 892 2033 enim?
915 1972 1053 2055 poetas,
1079 1967 1216 2054 quibus,
1242 1965 1337 2054 quod
1354 1964 1399 2032 de

195 2105 197 2109 ·
283 2065 422 2136 victoria
442 2068 671 2151 decertarent,
701 2087 770 2134 non
797 2065 940 2158 perinde
961 2076 1050 2154 erat,
1082 2078 1218 2138 rectene
1238 2091 1281 2136 an
1303 2089 1399 2136 secus

281 2169 421 2238 fabulae
435 2183 515 2238 suae
534 2171 578 2240 ab
598 2169 813 2238 histrionibus
833 2179 1024 2262 agerentur,
1049 2171 1114 2239 hos
1129 2171 1304 2240 credamus
1328 2168 1399 2238 aliis

281 2273 415 2341 fabulas
429 2298 503 2343 snas
518 2273 690 2343 docendas
709 2274 931 2358 commisisse,
956 2272 1003 2340 de
1015 2295 1161 2364 qnorum
1180 2275 1251 2344 fide
1262 2284 1300 2343 ut
1313 2272 1398 2342 nihil

282 2355 529 2463 dubitaverint,
562 2386 595 2446 at
617 2376 773 2446 dubitare
792 2387 906 2446 tamen
925 2374 971 2444 de
992 2399 1034 2446 eo
1054 2377 1241 2465 debebant,
1267 2401 1312 2463 au
1337 2376 1398 2459 illi,

282 2479 488 2570 quomodo
478 2482 543 2572 rpsi
562 2490 686 2571 poetae
708 2481 859 2570 quidque
880 2479 938 2570 agi
957 2480 1164 2567 volnissent,
1181 2504 1251 2550 non
1272 2481 1397 2568 ubique

282 2583 357 2650 satis
380 2585 586 2672 assequuturi
613 2582 746 2678 essent?
768 2583 1032 2674 Aristophanem
1046 2583 1185 2673 quidem
1206 2585 1328 2655 scimus
1345 2583 1397 2649 in·

281 2708 418 2771 venem,
444 2709 550 2775 quum
568 2685 720 2755 nondum
736 2684 767 2755 ei
782 2687 901 2754 liceret
912 2685 1065 2754 fabulam
1078 2687 1285 2780 producere,
1312 2685 1395 2752 alie-

270 2810 326 2864 no
340 2789 476 2856 nomine
496 2811 594 2856 usum
615 2811 702 2857 esse:
727 2789 788 2857 sed
809 2788 864 2856 vix
885 2787 980 2858 credi
995 2791 1138 2882 poterit,
1164 2792 1265 2859 etiam
1285 2798 1398 2880 partes
1429 2873 1433 2880 ,

282 2889 433 2958 docentis
449 2913 528 2959 eum
549 2891 605 2959 alii
619 2891 803 2960 tradidisse.
828 2943 830 2950 ,
855 2892 1036 2960 Praeterea
1053 2894 1120 2966 alia
1139 2915 1192 2960 res
1208 2895 1257 2964 est
1277 2894 1312 2957 in
1327 2901 1397 2957 ιιο-

262 2983 264 2992 ’
280 2982 426 3086 goedia,
449 2993 566 3082 inqua
581 2994 688 3062 multo
704 2995 895 3079 difficilius,
922 3017 1023 3084 quarn
1041 2995 1076 3063 in
1091 2991 1281 3077 comoedia,
1307 3013 1398 3080 qno„

280 3097 387 3165 modo
413 3097 546 3190 singula
564 3099 700 3167 tractari
727 3100 771 3166 ab
791 3097 953 3166 histrione
979 3099 1145 3181 debeant,
1177 3096 1397 3186 intelligitur,

281 3201 457 3288 multoque
477 3201 603 3293 magis,
629 3199 664 3269 'ei
685 3202 768 3290 quid
793 3211 973 3293 peccatum
993 3210 1060 3288 est,
1085 3200 1202 3270 fabula
1224 3199 1397 3290 periclita-

280 3312 345 3369 tur.
396 3302 587 3394 Aeschylus
608 3327 688 3374 vero
705 3314 784 3373 ante
801 3305 883 3371 alios
904 3314 1023 3394 poetas
1043 3304 1162 3373 sedulo
1177 3305 1333 3387 curabat,
1359 3310 1396 3368 ut
1522 3379 1523 3390 χ

282 3405 327 3472 ad
347 3429 441 3474 suam
461 3406 563 3498 ipsius
588 3416 735 3477 mentem
760 3409 873 3475 omnia
895 3405 1147 3476 exhiberentur·
1180 3406 1276 3494 qnod
1291 3405 1396 3474 'claro

281 3509 427 3582 ostendit
451 3509 696 3579 Athenaeusl.
723 3533 759 3601 p.
783 3509 844 3576 21.
867 3511 908 3578 E.
934 3507 988 3577 his
1008 3511 1138 3578 verbis.
1171 3508 1395 3631 Χαμαιλέων

280 3613 369 3707 γοῦν
388 3613 534 3708 πρῶτον
557 3607 671 3686 αὐτόν
695 3639 782 3710 φησι
803 3610 1024 3708 σχηματίσαι
1046 3606 1132 3692 node
1155 3604 1301 3730 χορούς,
1335 3605 1395 3704 ὀρ·

149 3793 153 3808 ι
279 3709 620 3836 χηοτοδιδασκοὶλοις
641 3712 686 3788 ου’
707 3709 952 3811 χρησάμενον,
987 3709 1082 3787 α’λλα
1106 3715 1165 3786 sul
1189 3705 1304 3786 αὐτόα
1321 3716 1396 3789 τοῖς

279 3823 401 3938 χοροῖς
422 3844 471 3891 τα
498 3813 668 3911 σχήματα
690 3843 869 3889 αοιοοατα
891 3818 965 3888 τοῖα
989 3811 1188 3942 α’ρχήοεαα
1225 3814 1283 3887 καὶ
1307 3811 1395 3890 ὅλαι
1521 3883 1522 3888 ,

214 3947 221 3964 ¹
279 3918 401 3990 πᾶσαν
423 3913 491 4016 τήν
519 3920 583 4016 τῆς
606 3918 806 4015 τραγῳδίας
834 3918 1045 4009 οἰκονομίαν
1077 3922 1126 3996 οἱς
1164 3910 1298 3988 ἑαυτον
1328 3919 1397 3989 rte-
1521 3953 1522 4022 y

281 4020 438 4113 puorcir·
490 4022 589 4105 Quae
607 4022 726 4112 paullo
754 4028 837 4111 post
859 4020 959 4086 etiam
986 4019 1221 4108 Aristophanis
1243 4020 1396 4087 testimo-

258 4121 336 4188 ,ιιίο
363 4121 550 4197 confirmat.
603 4126 702 4195 Nune
729 4122 919 4212 Aeschylus
948 4132 1027 4214 post
1052 4121 1192 4214 Olymp.
1224 4118 1398 4191 LXXVII.

262 4223 316 4290 ·4.
338 4222 399 4290 nisi
422 4224 504 4292 alias
524 4227 732 4319 tragoedias,
762 4235 855 4295 certe
872 4224 1050 4295 Oresteam
1070 4225 1204 4311 docuit,
1229 4247 1317 4313 quae
1343 4224 1400 4291 fa-

280 4326 383 4395 bulae
401 4330 493 4396 tanta
515 4339 586 4400 arte
609 4338 685 4398 siunt
704 4329 834 4415 sactae,
861 4338 916 4420 ut,
951 4331 979 4398 si
1002 4352 1091 4419 quae
1110 4330 1214 4414 aliae,
1237 4349 1399 4420 praesen·

1144 4699 1168 4744 Ὗ
