3058 5046
388 371 629 438 unnslvul
656 373 979 440 summulam.
1172 377 1237 444 231

122 543 254 637 quimus
287 543 371 637 (vid.
399 547 568 640 Volgems
591 569 627 640 p.
645 545 771 640 80.);“
801 555 836 618 at
855 548 890 616 in
910 570 949 616 re
968 545 1108 618 metrica
1124 543 1236 638 ¹quum

122 651 259 719 omnino
285 651 379 718 nulla
398 659 448 718 est
469 650 569 720 huius
594 651 793 736 auotoritas,
818 660 890 720 torn
903 650 974 720 hoc
987 651 1022 718 in
1037 649 1116 720 loco
1133 652 1236 720 omis¹

121 752 221 822 sionis
239 753 336 845 signo
360 761 437 822 ante
459 779 526 845 μοι
542 752 703 846 ponendo
726 754 807 823 fecit
829 754 886 840 id,
911 752 1005 844 quod
1030 753 1152 842 quiris,
1176 757 1236 824 ubi

120 857 264 924 meliora
278 854 415 944 desunt,
439 854 691 947 faberepotest.
741 856 904 926 Eiusdem
926 855 1069 948 Volgeri
1095 855 1251 947 longam·

121 959 393 1044 adnotationem,
418 953 453 1024 ιιι
478 981 546 1047 qua
569 958 709 1028 inauditi
734 959 872 1047 quidam
895 959 1035 1028 trimetri
1059 958 1235 1044 trochaici,

121 1071 156 1132 et
184 1062 361 1153 perincpte
391 1060 529 1150 quidem
553 1063 784 1146 restituuntur,
818 1083 888 1130 non
913 1062 1105 1130 dubitarunt
1128 1069 1236 1130 totam

121 1163 293 1250 exhibere.
306 1188 342 1255 p.
359 1161 445 1231 301.
471 1187 557 1253 seq·
571 1201 615 1218 --
642 1165 823 1234 Praeterea
839 1165 1037 1234 veroetiam
1048 1165 1114 1232 alia
1128 1187 1236 1255 quae·
1336 1185 1338 1192 ’

120 1267 220 1352 daur,
260 1288 347 1355 quae
378 1266 513 1334 minoris
545 1267 708 1336 momenti
741 1277 835 1352 sunt,
878 1267 1005 1357 aliquid
1041 1267 1237 1359 compendii

120 1391 226 1460 quum
249 1368 366 1438 libro
356 1369 436 1459 ipsi,
470 1379 542 1437 ιιιιιι
569 1392 694 1459 operae
714 1368 896 1438 Editorum
918 1369 1041 1438 afferre
1068 1379 1233 1460 poterant

121 1471 318 1543 Cuiusmodi
332 1481 397 1555 est,
422 1493 511 1594 quae
527 1473 624 1541 toties
639 1473 758 1543 citatur
771 1465 970 1593 Συναγωγή
993 1472 1119 1554 λέξεων
1144 1499 1234 1570 χρη-

121 1575 236 1669 σιμων
262 1577 300 1646 ἐκ
327 1566 512 1666 διαφόρων
537 1575 660 1670 σοφοῖν
684 1601 727 1648 ra
751 1573 812 1647 καὶ
842 1567 1007 1674 ρητόρων
1031 1575 1207 1648 πολλῶν
1197 1597 1233 1643 ιιι

118 1675 269 1746 Bekkeri
293 1673 475 1747 Anecdotis
501 1676 607 1745 edita:
644 1699 733 1766 quae
756 1699 863 1765 quum
886 1677 1079 1746 brevissime
1104 1683 1233 1750 Συνα-

119 1805 215 1875 γωγη
207 1772 365 1862 λέξεων
388 1778 503 1846 vocari
526 1788 651 1871 posset,
676 1801 737 1868 cur
761 1787 831 1848 tarn
856 1802 958 1870 saepe
982 1779 1130 1871 longus
1121 1789 1182 1850 rste
1199 1788 1234 1850 et
1314 1765 1323 1780 “

56 1911 58 1914 ·
118 1881 276 1951 molestus
293 1881 407 1950 titulus
419 1881 579 1972 ponitur?
603 1881 674 1952 Sed
696 1861 848 1952 videmus
864 1882 1050 1952 Editores
1040 1905 1132 1973 ipsos
1156 1891 1232 1952 tan-

118 1983 200 2053 dern
228 1993 399 2073 pertaesos
423 1984 523 2054 huius
537 1985 626 2054 tituli
646 1985 748 2054 etiarn
767 1986 899 2055 brevius
922 1986 1229 2080 scripsissaSorp-
1235 1996 1278 2064 15

118 2113 213 2184 7qu
205 2079 359 2168 λέξεων
382 2093 584 2184 χρησίμων,
609 2096 708 2179 utp.
732 2085 821 2166 1οΊ
847 2088 887 2159 C.
914 2086 1000 2157 2⁰8.
1026 2088 1066 2160 0.

218 2288 372 2358 Tertium
398 2311 499 2383 snpra
523 2289 611 2360 illud
636 2291 989 2378 commemoravimus,
1014 2290 1110 2380 quod
1127 2289 1233 2358 multa

118 2392 190 2462 aliis
204 2392 288 2462 locis
303 2393 465 2460 servanda
478 2394 611 2462 fuerim.
661 2395 742 2464 Hoc
767 2415 848 2463 vero
864 2402 940 2479 est,
967 2396 1002 2461 in
1028 2414 1096 2483 quo
1123 2387 1252 2461 omni-'

116 2517 163 2564 no
199 2495 294 2563 nobis
324 2493 476 2564 videmus
507 2521 528 2565 a
556 2494 826 2566 'doctissimomm
857 2497 1039 2566 Editorum
1074 2496 1235 2564 sententia

116 2596 360 2668 discedendum
386 2621 469 2666 esse.
519 2599 608 2667 Nam
640 2600 702 2668 etsi
733 2599 910 2692 gratissimi
943 2599 1154 2692 agnoscimus
1179 2598 1233 2666 in·

117 2700 315 2771 credibilem
335 2720 493 2791 operam,
517 2724 586 2791 qua
604 2711 675 2771 tarn
693 2703 889 2772 immensam
908 2703 1154 2772 utilissimarum
1175 2723 1233 2770 re·

116 2827 194 2872 rum
227 2803 362 2892 cupiam
395 2814 652 2897 congesserunt,
689 2813 819 2892 tamen,
857 2806 1008 2895 quamvis
1038 2805 1100 2874 illa
1129 2806 1231 2890 bona,

116 2907 221 2975 immo
247 2905 342 2976 haud
366 2929 444 2977 raro
471 2909 612 3001 egregia
637 2909 718 2993 sint,
750 2931 973 3002 permagnam
1002 2918 1134 3001 partem
1167 2907 1232 2976 ad-

117 3011 325 3078 notationum
342 3012 385 3078 ab
399 3012 472 3098 his,
497 3012 668 3102 inquibus
694 3013 852 3105 leguntur
876 3012 972 3098 locis,
997 3010 1231 3082 alienissimam

119 3133 194 3181 esse
210 3110 450 3185 contendimus
501 3115 550 3182 vt
574 3112 619 3182 de
644 3116 796 3204 plurimis
822 3137 932 3206 pauca
960 3123 1049 3182 certe
1075 3112 1230 3202 exempla

116 3214 321 3300 indicemus,
346 3238 433 3304 quae
456 3237 492 3306 p.
518 3213 579 3284 tt.
606 3216 650 3284 de
675 3217 781 3284 verbo
806 3218 919 3306 ἔχειν,
944 3237 980 3304 p.
995 3213 1080 3282 101.
1093 3237 1164 3304 seq.
1183 3213 1228 3283 de

118 3311 247 3411 ἑσμιις,
278 3341 314 3410 p.
340 3317 426 3388 101.
453 3318 498 3385 de
521 3311 736 3409 θαυμαστοὶ
760 3327 794 3385 et
818 3310 1045 3410 θαυμάσιος,
1078 3341 1115 3410 p.
1141 3316 1226 3385 131.

117 3443 209 3510 seqq.
236 3419 281 3490 dc
307 3413 540 3516 ἀμφιδρόμια
567 3427 601 3487 et
626 3419 670 3487 de
695 3418 879 3516 λιξίθηροι
904 3420 1039 3509 eiusque
1064 3419 1227 3512 cognatis,

117 3545 153 3614 p.
176 3521 261 3590 lut.
296 3521 340 3591 de
366 3523 416 3596 tu
442 3521 601 3590 adnotata
624 3530 717 3607 sunt,
742 3544 842 3592 nemo
868 3520 944 3606 hic,
970 3522 1030 3589 sed
1055 3522 1144 3603 illic,
1169 3520 1229 3587 ubi

115 3625 284 3694 Thesauri
314 3625 417 3716 ipsius
445 3624 533 3692 ordo
556 3625 737 3692 verborum
763 3648 805 3692 ea
828 3624 1085 3694 commemorari
1108 3631 1229 3714 postu-

114 3727 183 3812 lat,
208 3727 401 3818 quaerenda
425 3726 566 3818 putabit
616 3726 740 3813 Qualia
765 3749 868 3816 quum
892 3746 1056 3814 nusquam
1079 3747 1147 3793 non
1172 3747 1229 3792 re-

116 3831 305 3922 periantur,
342 3830 434 3926 quid·
456 3828 549 3898 aliud
587 3827 777 3920 praevideri
807 3836 936 3920 potest,
973 3850 1075 3916 quam
1110 3826 1228 3898 Indice

118 3955 205 4024 opus
226 3932 302 4000 fore
321 3934 429 4002 multo
445 3933 602 4016 maiore„
618 3953 719 4020 quam
736 3931 854 4001 veteris
871 3929 1023 3998 editionis
1037 3927 1143 3999 ludex
1157 3928 1229 3999 est?

17 4087 19 4094 >
118 4057 229 4125 neque
247 4033 318 4105 hoc
333 4036 463 4119 solnm,
488 4034 549 4103 sed
573 4035 632 4122 qui
654 4034 711 4102 vel
735 4033 781 4102 de
805 4053 873 4102 uno
898 4033 1004 4101 verbo
1030 4055 1110 4104 cum
1131 4030 1227 4100 ludi-

118 4159 194 4208 cem
219 4131 390 4224 consulat,
423 4136 469 4207 ad
501 4135 647 4227 plurima
679 4137 757 4204 novi
782 4135 950 4204 'liresauri
977 4135 1033 4203 vel
1057 4135 1228 4206 volumina

117 4243 174 4310 vel
197 4241 277 4312 loca
301 4241 496 4332 ablegatum
528 4237 585 4324 iri,
616 4246 672 4322 ut,
702 4261 794 4327 quae
826 4237 1048 4306 aduersissimis
1078 4239 1113 4308 in
1144 4238 1228 4306 locis

119 4343 270 4437 dispersa
292 4352 384 4430 sunt,
413 4348 599 4436 cognoscat
617 4348 720 4430 atque
734 4341 770 4410 in
782 4362 886 4410 ιιιιιιιιι
902 4340 1053 4434 colligat
1104 4339 1225 4411 Cuius-
