3080 5054
419 363 689 430 neroniani
717 361 777 431 ΕΤ
804 312 997 434 ΕὙΜΕΕΙΙ
1200 373 1274 438 Μ’

223 615 226 623 k
282 532 350 614 τόν
382 565 425 614 τε
452 537 704 634 πολυτίματον
732 537 850 639 ἔλοφ’,
890 539 997 635 (ιδ
1023 535 1124 617 αοτιι
1139 539 1266 626 κᾶλλος

837 687 841 696 ·
974 643 1101 764 αιτιοι)

202 742 204 748 ’
280 748 344 818 ἕνα
355 738 491 837 μόνον,
518 743 578 817 καὶ
597 744 707 841 κῆνον
722 773 742 819 o
734 740 851 828 ’Ζευς
867 745 993 839 ἔλαβε,
1020 741 1238 844 κήκελήσατο

278 843 519 942 noctipetas
542 844 644 945 αὐτοι
660 850 714 923 τι
723 853 759 923 οἱ
776 848 837 922 καὶ
852 876 900 922 τα
884 845 1079 948 διιμαρτι
1101 846 1263 946 θοιτέριο.

150 1026 220 1094 ie.
240 1024 438 1116 poeticorum
458 1023 610 1118 elopeto,
637 1024 707 1112 (est
726 965 845 1095 ααισιιι
865 1026 924 1096 hic
948 1026 1071 1096 adhuc
1091 1023 1185 1096 atius
1203 1046 1266 1093 ve·-

149 1128 260 1217 uula's)
275 1147 382 1196 ιιιιιιιιι
398 1133 546 1213 tontum,
571 1132 606 1194 et
620 1125 721 1194 iilum
733 1127 898 1222 luppiter
916 1131 1072 1223 accepit,
1094 1128 1309 1220 iussitquell

144 1230 341 1326 pecuniam
364 1237 460 1298 certe
482 1250 671 1298 ιικιιισιανο
693 1229 729 1298 ιιι
748 1254 858 1301 εαιαιι
872 1235 1059 1325 uxorisque
1079 1253 1182 1302 usum
1192 1252 1265 1324 pro

150 1335 273 1404 altero.
327 1328 470 1402 Videtur
489 1333 545 1401 vel
565 1333 712 1424 piscator
728 1335 842 1426 loqui,
867 1338 922 1406 vel
934 1337 1030 1406 lovis
1045 1335 1264 1428 dispeusator,
1397 1377 1401 1394 ι

150 1459 220 1506 non
248 1437 364 1529 plures
393 1459 497 1525 quam
526 1434 611 1504 duos
641 1437 759 1528 elopes
780 1441 912 1508 venahs
931 1461 1086 1527 narrans,
1120 1457 1267 1526 quorum

148 1562 253 1612 unum
281 1549 427 1628 tantum,
462 1538 556 1628 quod
588 1539 690 1609 valde
718 1542 903 1632 pretiosum
931 1543 1002 1614 hoc
1033 1548 1266 1635 gennesaret,

149 1642 303 1734 luppiter
317 1644 517 1734 accepisset,
543 1663 607 1733 pro
623 1643 876 1740 altercantem,
905 1655 943 1714 ut
961 1647 988 1714 is
1004 1645 1066 1714 sibi
1079 1643 1265 1732 Iunonique

151 1756 354 1834 servaretur,
380 1769 489 1836 neque
504 1755 669 1814 emeretur
686 1749 729 1816 ab
745 1749 830 1835 alio,
855 1750 1002 1841 pretium
1014 1749 1156 1819 iussisset
1169 1745 1265 1814 solvi.

147 1852 415 1922 Enumerabatnr
438 1859 550 1918 autem
573 1848 608 1916 in
632 1873 673 1918 ea
695 1850 814 1921 fabula
834 1853 908 1923 fere
931 1852 1096 1943 quidquid
1123 1871 1265 1941 usquam

149 1954 293 2045 piscium
311 1954 530 2044 inveniretur:
554 1949 645 2023 unde
662 1978 703 2024 ea
720 1956 910 2048 saepissime
926 1958 969 2026 ab
986 1955 1163 2026 Athenaeo
1179 1974 1265 2047 pro-

147 2067 227 2149 pter
247 2057 342 2138 hanc
357 2079 506 2125 caussam
529 2057 658 2124 citatur.
709 2059 756 2126 Et
777 2060 970 2149 planissime
996 2066 1142 2181 argupnt
1160 2057 1265 2175 verba

147 2158 319 2230 Athenaei
337 2156 414 2227 Vll
406 2180 468 2248 ··p
488 2154 573 2224 282
591 2157 635 2224 Ι)
651 2153 876 2278 Ἐπίχαρμος
899 2158 965 2232 ιι
947 2187 985 2234 εν
1000 2154 1172 2238 Μούσαις
1197 2182 1265 2228 τον

149 2261 220 2356 μιν
241 2262 354 2337 ἔλοπα
369 2264 677 2354 καταριθμεῖται
702 2255 769 2334 τόν
793 2263 832 2336 δὲ
851 2259 1090 2355 καλλιχιιονῆ
1109 2250 1266 2332 καλλιοι-

149 2390 289 2455 νυμον,
314 2361 359 2444 αις
379 2355 450 2434 τόν
472 2355 587 2432 αὐτον
608 2359 718 2445 ὄντα,
737 2363 932 2482 σεσίγηκεν.
958 2363 1031 2446 lam
1050 2360 1135 2450 quid
1153 2359 1267 2429 credi-

148 2467 248 2536 bilius
266 2473 332 2549 est,
358 2485 460 2554 quam
482 2471 638 2553 poetam,
664 2465 722 2552 qui
736 2465 783 2532 ita
797 2465 941 2556 piscium
963 2472 1161 2555 appetentes
1183 2463 1266 2530 deos

148 2569 395 2651 introduceret,
437 2589 542 2656 quum
565 2565 702 2650 omnino
729 2567 774 2648 de
803 2568 867 2648 dire
892 2569 1000 2638 multa
1020 2566 1163 2636 attulisse
1182 2564 1267 2634 ridi-
1375 2607 1380 2622 ι

150 2676 248 2758 cula,
276 2682 349 2744 tum
358 2671 513 2742 ,maxime
527 2668 660 2757 Musas,
687 2671 842 2760 aquibus
867 2694 991 2744 nomeu
1012 2669 1174 2761 repetitae
1192 2668 1267 2737 edi·

150 2779 236 2848 tioni
255 2775 351 2862 fecit,
386 2773 466 2844 risui
489 2773 634 2844 voluisse
656 2775 848 2865 exponere?
872 2775 994 2870 ,Quod
1014 2775 1043 2842 si
1064 2782 1099 2842 et
1118 2774 1268 2864 ipsarum

151 2903 240 2971 quae
261 2878 375 2970 posuit
391 2877 543 2960 nomina,
571 2888 605 2946 et
625 2886 818 2966 parentum,
843 2901 930 2969 quos
943 2880 982 2950 iis
996 2878 1130 2960 tribuit,
1156 2875 1268 2944 consi-

150 2984 325 3069 deramus,
357 2970 427 3070 non
448 2979 592 3049 multum
619 3003 640 3046 a
658 3003 756 3066 vero,
789 2989 828 3053 ιιι
855 2984 994 3073 opinor,
1028 2980 1266 3062 aberrabimus,

153 3088 181 3156 si
196 3109 273 3163 eum
293 3083 330 3152 ιιι
345 3083 452 3174 egisse
467 3081 700 3168 coniiciemus,
725 3093 763 3152 ut
783 3083 887 3162 hasce
901 3084 1017 3152 Musas
1031 3080 1266 3150 nonerudita-

150 3213 227 3260 rum
241 3189 361 3258 artium
377 3184 566 3275 praesides,
592 3184 652 3252 sed
671 3186 769 3267 unice
789 3185 837 3256 rei
861 3185 1041 3276 piscariae,
1067 3205 1154 3272 quae
1173 3203 1265 3259 snm-

123 3355 125 3360 ,
150 3317 207 3362 ma
228 3289 321 3384 apud
337 3288 477 3381 gulosos
494 3286 573 3353 istos
592 3285 675 3357 deos
695 3285 857 3374 sapientia
871 3285 1069 3371 haberetur,
1091 3285 1267 3376 magistras

151 3396 332 3472 exhiberet
389 3389 441 3458 lta
466 3383 551 3458 nihil
573 3397 715 3478 apparet
738 3389 859 3480 magis
869 3390 969 3459 fuisse
996 3398 1265 3472 cousentaneum,

150 3521 255 3592 quam
272 3505 311 3570 ut
332 3503 367 3566 et
384 3493 473 3586 ipsas
493 3516 513 3562 a
533 3492 671 3585 piscosis
686 3491 874 3574 huninibus
887 3473 995 3568 dietas
1009 3495 1137 3563 iaceret
1151 3490 1203 3582 *),
1232 3494 1278 3560 οι

149 3725 354 3744 ἡ

125 3874 127 3884 ·
191 3845 222 3930 *)
244 3847 427 3910 Buttmanno
448 3870 480 3931 p
497 3849 571 3918 608
590 3848 689 3909 visum
708 3856 755 3910 est
773 3847 869 3910 multo
884 3846 1038 3911 venustius
1052 3847 1209 3949 multoque
1226 3845 1266 3906 ari

152 3933 387 3996 confirmandam
405 3935 486 3996 hanc
503 3935 788 4015 interpretationem
803 3933 900 4016 aptius
921 3955 1001 4010 esse,
1036 3935 1062 3994 si
1090 3942 1267 4010 statuamus,

154 4037 192 4080 eo
209 4019 277 4100 ipso
299 4020 400 4082 datam
422 4042 486 4083 esse
506 4019 626 4080 huius
617 4023 732 4082 maenti
747 4041 847 4102 ansam
861 3979 1058 4117 Epicharmo,
1080 4017 1161 4100 quod
1176 4037 1268 4098 nym-

87 4175 92 4184 .
149 4102 229 4203 phas
245 4106 374 4167 fontium
389 4128 447 4187 pro
464 4106 556 4166 Musis
574 4095 680 4166 haberi
698 4107 798 4168 sehet
840 4105 877 4164 ld
899 4104 982 4164 haud
1003 4104 1095 4164 sciam
1118 4124 1156 4162 an
1180 4122 1269 4164 secus

150 4189 191 4250 sit
211 4189 347 4292 inposta
361 4191 486 4253 comico.
529 4189 589 4251 Sed
609 4191 647 4249 de
662 4188 772 4252 haere
790 4210 852 4250 non
874 4199 962 4270 puto
973 4189 1178 4250 coniecturam
1201 4185 1267 4247 fieri

149 4293 260 4356 posse,
282 4276 340 4337 nisi
361 4278 412 4339 val
428 4278 544 4359 integra
566 4273 738 4358 Epicharmi
757 4273 858 4340 tabrrla
879 4275 1063 4406 reperiatur,
1084 4275 1135 4341 vel
1155 4272 1268 4338 certius

147 4359 224 4441 quid
239 4361 279 4426 (ιο
293 4380 328 4424 aa
352 4369 518 4428 constat.
602 4377 608 4394 ·
646 4379 648 4384 ·
