3078 5026
288 341 352 436 nri
400 365 454 430 os
473 363 734 430 uranonoen
755 363 999 452 ermonem
1016 367 1292 444 innovissrnn
1341 456 1343 460 v

287 538 335 610 sio
357 537 585 631 Ftymologos
604 561 639 630 p.
655 531 750 623 215,
777 537 838 608 37.
862 535 1037 621 Ἡσίοδος
1058 540 1118 620 δέ,
1143 534 1404 636 oind'Bporoi',

121 653 127 660 ’
267 641 358 716 ‘rori
378 642 542 738 Aido‘poc
567 641 627 715 sot
646 637 833 738 Ἠμέροιςι
867 643 987 732 quibus
1010 643 1120 712 verbis
1137 643 1406 737 divinaeparti-

287 745 367 818 cula
382 765 483 814 rurae
500 743 635 814 mortali
657 765 802 838 eorpore
822 745 951 844 incluse
965 746 1166 817 declaratur.

387 947 564 1040 Sequitur,
603 947 686 1040 qnid
713 950 875 1037 Materia,
923 959 956 1019 et
983 949 1130 1042 primum
1160 949 1298 1040 quidem
1333 951 1406 1020 sine

286 1054 454 1144 coniuge,
485 1055 545 1143 qui
572 1053 724 1124 nondum
744 1064 815 1123 erat
836 1054 942 1138 nllus,
981 1055 1144 1146 genuerit
1203 1053 1339 1130 Creavit
1365 1061 1409 1122 ea

285 1165 400 1225 autem
430 1157 543 1247 primo
571 1150 763 1251 Οὐρανόν,
790 1158 977 1249 Superum,
1005 1158 1145 1226 overbo
1169 1153 1287 1254 ὄρνιν,
1313 1157 1406 1226 uude

286 1259 387 1328 etiem
409 1256 511 1354 ὅρος,
546 1257 693 1345 dictum,
726 1261 821 1349 qnod
848 1261 934 1332 caeli
961 1260 1126 1348 fornices,
1164 1281 1250 1350 quos
1279 1260 1406 1330 Ennius

285 1361 490 1454 appellavit,
523 1362 568 1430 ab
592 1370 741 1431 extremo
766 1374 875 1434 terrae
906 1364 1046 1432 circuitu
1078 1364 1113 1434 iu
1143 1365 1248 1432 altum
1275 1364 1406 1432 curvari

284 1466 488 1548 uiderentur.
540 1464 647 1538 Caelo
670 1475 784 1536 creato
808 1467 949 1537 crassior
973 1466 1139 1536 Materiae
1161 1489 1240 1558 pars
1272 1467 1309 1534 in
1330 1489 1408 1536 eam

259 1569 436 1660 tspeeiem
453 1568 616 1654 sonnata,
641 1592 745 1659 quam
764 1571 941 1640 Tellurem
962 1592 1132 1644 vocamus.
1183 1569 1226 1638 Id
1247 1570 1407 1658 antiquis-

284 1672 405 1742 simum
420 1671 508 1740 illnd
523 1695 659 1742 cannen
672 1697 736 1764 per
755 1683 904 1744 extrema
919 1674 1118 1766 designavit,
1138 1671 1274 1770 Οὔρεα,
1290 1672 1406 1742 Mon-

283 1784 352 1860 tes,
384 1775 576 1860 nominans,
603 1784 637 1844 et
656 1771 815 1851 Πόντον.
869 1777 939 1846 Sed
956 1777 1031 1846 'hoe
1051 1785 1261 1868 postremum
1282 1797 1408 1844 nornen

283 1900 352 1946 non
373 1878 537 1948 intellexit
559 1879 745 1966 Hesiodus,
771 1904 876 1969 quum
896 1880 1108 1950 exornandae
1129 1881 1179 1947 rei
1201 1881 1316 1949 musso
1337 1881 1407 1953 πέ-

283 1985 391 2073 λαγος
423 1981 519 2076 μέγα
552 1983 703 2075 οἴδματι
737 1984 834 2056 dior
860 1983 1001 2054 addidit.
1028 2029 1033 2038 ·
1056 1983 1220 2076 Πέλαγος
1243 1984 1353 2069 enirn,
1385 2005 1408 2050 a

283 2085 390 2154 verbo
416 2077 582 2171 πελάζειν
605 2084 754 2172 dictum,
779 2097 817 2154 ut
839 2090 882 2156 ab
897 2087 1025 2159 Lntinis
1043 2084 1195 2171 Venilia,
1228 2107 1407 2156 more-no-

282 2187 348 2257 ta't:
378 2211 400 2255 a
422 2211 491 2278 que
509 2187 639 2280 origine
661 2190 763 2268 etiam
778 2188 966 2283 oatooyot,
994 2189 1163 2274 adveneet
1190 2188 1235 2258 de
1260 2211 1407 2280 quorum

283 2291 418 2361 sedibus
443 2291 503 2380 qui
525 2295 706 2380 quaerunt,
745 2293 999 2386 propemodum
1026 2292 1119 2364 idem
1140 2301 1265 2384 egunt,
1298 2315 1341 2362 ee
1368 2292 1406 2376 si,

282 2394 380 2485 qnod
407 2395 535 2486 nbiqne
560 2403 725 2464 terrarum
751 2407 954 2469 mercatores
977 2417 1019 2464 ae
1035 2397 1291 2488 peregrinantes
1311 2397 1406 2465 inve-

282 2500 431 2584 niuntur,
466 2498 532 2566 hos
555 2510 666 2580 certos
692 2511 862 2570 certarum
881 2495 1062 2592 regionum
1083 2501 1234 2592 populos
1253 2523 1326 2570 esse
1345 2496 1407 2569 sibi

283 2601 535 2693 persuaderent.
588 2603 708 2693 igitur·
728 2599 893 2692 Πόντος,
930 2603 1186 2689 Profundanns,
1220 2625 1289 2672 non
1303 2623 1406 2672 -mare

284 2712 350 2789 est,
374 2703 470 2793 quod
489 2703 641 2773 nondum
664 2716 830 2792 creatum,
855 2705 917 2775 sed
938 2705 1161 2797 profunditas.
1212 2705 1406 2799 Cognatum

243 2837 245 2844 ·
281 2828 407 2876 nomen
422 2827 502 2878 enm
517 2808 623 2876 verbo
644 2815 802 2895 πνινοῖν,
822 2821 1060 2899 'eduatumque
1081 2811 1118 2878 in
1136 2809 1258 2880 Latino
1275 2811 1405 2902 lingue,

272 2908 436 3004 fundus,
479 2909 540 2977 sed
566 2911 721 3000 paullum
743 2913 875 2982 deflexo
897 2915 1095 3004 significatu.
1144 2914 1259 3000 Atque
1281 2911 1404 2980 demit·

281 3023 355 3082 tere
376 3011 422 3081 ad
438 3012 583 3082 fundum
605 3017 705 3084 maris
725 3015 906 3103 ποντίζοιν
930 3017 1068 3101 dieitur,
1093 3036 1162 3084 nou
1176 3013 1406 3103 dutaooudr,

283 3117 379 3208 qnod
403 3116 498 3188 aliud
525 3125 583 3186 est.
947 3110 958 3120 “

388 3321 483 3399 Caeli
503 3321 631 3394 dehine
649 3322 849 3414 Terraeque
866 3324 1070 3418 progeniem
1091 3331 1262 3392 enumerat
1278 3323 1404 3394 Hesio-

283 3426 369 3512 dus,
395 3425 543 3496 fideliter
561 3426 712 3518 singulos
735 3450 776 3495 eo
800 3427 917 3498 ordine
939 3426 1152 3520 producens,
1177 3449 1247 3517 quo
1270 3429 1405 3518 sapien-

282 3531 408 3600 tissime
427 3531 471 3599 ab
491 3530 629 3621 antiquo
647 3538 785 3600 auctore
808 3531 963 3623 dispositi
981 3531 1123 3600 fuerant.
1172 3527 1275 3599 Vnde
1296 3531 1404 3600 multo

282 3635 487 3705 recentiores
511 3655 584 3702 esse
607 3643 751 3726 apparet
774 3633 948 3728 Orplrioos
970 3655 1084 3704 versus
1107 3633 1143 3700 in
1166 3633 1291 3724 fragm.
1310 3634 1404 3703 Vlll.

257 3825 259 3830 Ι
282 3737 461 3828 inquibus
484 3735 543 3806 hio
566 3737 654 3805 ordo
676 3738 837 3808 Titanum
857 3737 1103 3830 imperitissime
1116 3743 1166 3804 est
1179 3737 1405 3829 perturbetur.

282 3841 416 3912 Primus
439 3839 544 3934 igitur
575 3849 671 3908 natus
699 3835 877 3924 Ὠκεανός
886 3896 900 3932 ,
943 3840 1158 3926 celerivena,
1197 3860 1268 3908 non
1295 3840 1357 3910 ille
1385 3861 1406 3911 a

282 3944 389 4013 verbo
404 3937 510 4017 orirer
518 3999 533 4034 ,
560 3953 597 4012 ut
617 3943 831 4036 grammatici
845 3945 982 4032 volunt,
996 3943 1071 4012 'sed
1085 3943 1131 4013 ab
1146 3937 1304 4012 obsoleto
1320 3943 1404 4026 ἕοιν,

283 4045 356 4131 ire,
390 4046 521 4133 dictus,
561 4056 599 4115 ut
623 4047 667 4115 ab
688 4043 788 4142 ὅροιν
814 4041 989 4146 Οὐρανός·
1041 4045 1147 4118 Aliud
1176 4047 1247 4116 eius
1270 4069 1406 4134 nornen,

284 4141 405 4244 Ώγήν
413 4202 427 4238 ,
455 4151 500 4218 ob
513 4163 580 4219 ovo
599 4150 757 4237 ductum,
783 4151 879 4241 quod
901 4149 1094 4237 materiam,
1119 4149 1347 4238 ptuitellnm,
1372 4151 1407 4220 in

284 4249 400 4321 medio
431 4252 561 4322 aluerit.
619 4253 822 4346 Intolligitnr
855 4264 968 4325 autem
998 4253 1157 4325 Oceanus
1197 4271 1266 4322 non
1301 4247 1406 4342 quem

284 4354 618 4450 pulcritudinem,
643 4358 704 4428 sed
722 4358 771 4428 vis
792 4381 974 4450 equarum,
999 4379 1089 4449 qnae
1119 4359 1249 4453 ingenti
1274 4355 1405 4452 impetn

1516 2063 1520 2084 i

1423 2095 1426 2110 ι

1521 2913 1522 2924 l

1521 4071 1522 4082 l

1521 4085 1522 4112 l
