3058 5046
136 379 138 382 ·
269 373 335 436 soe
376 363 432 428 ua
457 318 967 428 msrourau'cntucln
993 363 1277 427 rnrnosnns
1327 455 1331 463 Ι

270 537 456 634 potiundae
471 536 563 604 naria
580 535 794 624 excidissent,
820 544 855 606 et
875 536 939 630 ipsi
963 534 997 602 in
1019 535 1155 605 illomnr
1170 546 1383 631 potestatem,

269 665 415 736 quorum
439 664 482 710 ea
498 639 590 708 navis
614 650 700 727 erat,
732 641 911 724 venissent,
945 639 1126 710 familiares
1148 641 1273 729 factos,
1298 665 1385 736 pro-

269 749 381 840 priam
399 743 571 834 accepisse
593 744 690 812 illam
712 766 843 816 navem.
895 741 1063 832 Reliquae
1082 745 1277 814 Naueularii
1292 749 1383 817 tiliae

269 873 376 941 quum
395 847 576 917 victoribus
600 848 636 916 iu
659 848 801 916 solemni
832 846 1012 916 certamine
1038 857 1182 938 nuptum
1206 849 1306 918 datae
1329 851 1385 918 di-

270 962 405 1038 cuntur,
432 949 477 1020 de
502 973 570 1039 qua
591 974 629 1019 re
653 951 848 1042 explicatius
871 950 1000 1040 scripsit
1018 949 1182 1020 Pindarus
1205 949 1307 1042 Pyth.
1324 955 1385 1022 lx.

270 1052 357 1125 195.
377 1053 463 1123 nihil
484 1052 577 1123 aliud
602 1077 704 1143 quam
728 1054 873 1124 refectas
904 1075 974 1121 esse
994 1076 1128 1142 quassas
1154 1077 1256 1125 naves
1281 1066 1315 1124 et
1339 1057 1385 1126 ad

270 1159 502 1228 defensionem
521 1157 694 1226 instructas
711 1157 885 1228 indicatur.
938 1154 1061 1225 Obiter
1085 1156 1196 1246 addo,
1230 1168 1310 1227 uota
1329 1160 1400 1250 illa

270 1262 462 1332 Danaidum
493 1260 586 1350 apud
616 1261 740 1329 inferos
771 1283 884 1352 poena
917 1270 1042 1328 sortem
1072 1260 1206 1328 uarium
1229 1260 1386 1349 describi,

271 1389 359 1456 quae
380 1367 440 1433 ubi
455 1364 489 1431 in
500 1411 503 1420 ι
514 1364 673 1453 scopulos
689 1364 796 1432 illisae
812 1364 988 1449 fatiscunt,
1016 1384 1152 1432 omnem
1168 1363 1386 1435 exhauriendi

270 1471 424 1538 laborem
450 1466 599 1537 eludunt.

374 1674 500 1740 ltemm
519 1670 579 1742 hic
602 1671 690 1740 duae
713 1672 850 1740 fabulae
867 1671 901 1738 in
921 1693 1023 1738 unam
1041 1673 1247 1741 coniunctae.
1298 1674 1388 1744 Nom

184 1833 185 1836 ,
272 1785 310 1848 ut
327 1777 469 1860 fuerint,
509 1776 634 1864 quiex
659 1777 822 1866 Aegypto
844 1783 987 1865 propter
1010 1775 1162 1844 Arabum
1183 1775 1388 1846 incursiones

272 1884 386 1973 Argos
408 1877 646 1970 confugerent,
682 1877 745 1968 (sic
765 1886 878 1946 autem
899 1877 992 1944 fama
1016 1887 1087 1945 erat
1107 1878 1200 1970 apud
1224 1881 1387 1972 Argivos)

272 1994 308 2053 at
327 1982 401 2074 quis
414 1983 515 2051 etiam
532 1983 679 2050 Arabiae
695 1982 823 2070 equites
838 1985 952 2071 Argos
964 1981 1092 2049 venisse
1106 1981 1249 2050 eredat?
1271 1985 1389 2072 ltaque

272 2088 332 2178 qui
354 2086 436 2156 illuc
459 2078 708 2178 Ac'yvnetc'dna
735 2084 862 2152 venisse
887 2083 1057 2169 dicuntur,
1097 2086 1288 2176 praedones
1313 2097 1389 2156 suut

157 2266 163 2279 ,
272 2189 446 2276 maritimi,
472 2188 690 2281 enavigaudi
709 2187 878 2260 celeritate
892 2187 938 2254 ita
957 2187 1078 2256 vocati.

376 2397 459 2466 l‘ost
474 2395 630 2464 Danaum
653 2395 755 2486 Argis
773 2417 918 2485 regnans
939 2393 1096 2484 Lynceus
1115 2416 1156 2462 er
1171 2394 1390 2484 Hypermue-

274 2509 342 2570 stra
369 2522 474 2569 uxore
491 2497 679 2591 Ἀβαντα,
706 2499 927 2580 Nebitonem,
960 2498 1098 2588 genuit,
1124 2499 1183 2587 qui
1208 2516 1249 2565 ex
1273 2499 1389 2572 Mav-

274 2605 413 2682 τίνεως,
440 2602 604 2685 Vetioiui,
629 2603 700 2668 tilia
713 2598 894 2694 Ὠκαλέᾳ,
921 2599 1084 2686 Cometa,
1111 2601 1265 2693 geminos
1279 2622 1390 2669 susce-

274 2705 343 2796 pit,
368 2700 557 2800 Ἀκρίσιον
572 2713 605 2771 et
620 2707 804 2798 Προῖτον,
829 2705 1094 2795 lnseparantium
1111 2714 1145 2772 et
1167 2704 1390 2774 Proficiscen-

273 2809 376 2875 tium:
405 2807 428 2872 i.
453 2829 482 2874 e.
505 2799 695 2896 praedones
725 2829 788 2898 per
812 2809 978 2876 connubia
1000 2831 1078 2877 cum
1096 2808 1152 2891 iis,
1185 2829 1332 2896 quorum
1356 2809 1391 2873 in

274 2916 474 3002 potestatem
496 2918 672 2993 venerant,
705 2911 835 2978 iunctos
856 2933 923 2978 non
946 2912 1090 3004 amplius
1114 2911 1158 2978 de
1178 2911 1269 2977 abitu
1289 2911 1392 3001 cogi-

274 3023 379 3096 tasse,
405 3011 466 3080 sed
481 3022 602 3103 postea
616 3021 758 3102 propter
778 3014 969 3082 vaticinium
991 3014 1163 3104 quoddam
1180 3021 1392 3105 congregata

274 3115 488 3185 multitudine
508 3124 641 3206 partem
657 3137 807 3202 manere,
832 3126 964 3206 partem
987 3117 1082 3185 abire
1098 3117 1292 3187 decrevisse.
1344 3118 1392 3184 Et

276 3220 347 3288 abit
366 3219 633 3291 Proficiscentius
655 3219 689 3286 in
711 3220 872 3305 Λυκίαν,
897 3219 1057 3307 Luciam,
1082 3222 1103 3288 i.
1131 3244 1160 3288 e.
1186 3220 1247 3288 nisi
1274 3219 1389 3303 fallor,

276 3322 439 3392 orientem
460 3345 584 3391 sersus.
635 3323 879 3414 loseparantius
903 3332 1014 3392 autem
1031 3345 1173 3393 uxorem
1192 3323 1287 3392 ducit
1307 3319 1391 3396 Ed-

276 3424 443 3526 ρυδίκην,
469 3425 684 3510 Latiiuriam,
709 3426 1002 3520 Λακεδαίμονος,
1030 3427 1086 3495 Dii
1100 3429 1249 3512 Leontii,
1275 3425 1390 3508 tiliam,

276 3552 317 3598 ex
338 3551 406 3618 que
427 3522 602 3624 Δαναήν,
636 3529 894 3614 Nauoulariam,
927 3531 1091 3622 suscepit:
1125 3552 1194 3619 quo
1220 3529 1390 3620 significa-

274 3640 346 3717 tur,
377 3642 548 3700 manentes
569 3633 604 3700 in
623 3631 749 3722 patria,
785 3632 995 3722 deorumque
1015 3635 1066 3702 ius
1093 3643 1207 3702 sancte
1232 3633 1391 3714 colentes,

275 3735 482 3827 navigationi
512 3757 653 3826 operam
679 3735 821 3810 dedisse.
873 3735 945 3804 Sed
969 3737 1183 3826 praedixerat
1207 3736 1392 3817 oraculum,

276 3836 512 3928 interemptum
533 3839 574 3906 iri
594 3839 857 3930 inseparantium
881 3864 902 3906 a
916 3849 1041 3931 nepote
1065 3862 1144 3908 suo:
1172 3861 1297 3929 nempe
1319 3859 1392 3906 me-

275 3939 439 4008 tuendum
462 3950 551 4027 erat,
577 3963 621 4010 ne
636 3942 863 4034 navigantium
888 3943 1108 4028 commercia,
1135 3943 1239 4012 auctis
1261 3942 1393 4033 opibus,

278 4040 540 4114 dominationem
568 4045 818 4137 opulentiorum
847 4044 1016 4115 afferrent.
1068 4047 1169 4115 Vnde
1191 4044 1395 4115 Naucularin

278 4143 459 4235 diligenter
480 4151 672 4234 observata,
705 4151 790 4235 sive,
820 4159 858 4217 ut
876 4159 1003 4240 poetae
1031 4149 1199 4233 dixerunt,
1230 4149 1312 4216 turri
1341 4147 1396 4213 iu-

231 4246 373 4320 laciusa
392 4256 450 4314 est
498 4250 727 4328 Nihilominus
751 4277 791 4321 ea
814 4275 896 4321 auro
919 4262 1079 4345 corrupta
1108 4251 1267 4342 concepit
1291 4255 1395 4344 Περ-

279 4352 379 4437 σέα,’
395 4350 604 4439 Penetriurn,
639 4357 707 4425 sive
734 4357 1012 4450 Expugnantiam
1042 4357 1158 4427 dicere
1183 4353 1297 4426 molis:
1329 4373 1397 4442 qua
