3058 5046
289 349 354 413 238
506 342 718 406 GENSVRA
745 343 906 406 NOVAE
931 342 1176 408 trumonis

290 519 384 588 modi
397 515 530 586 ludicis
551 514 707 599 ¹faciendi
730 522 890 603 quantam
914 515 1102 585 molestiam
1126 513 1208 599 sibi,
1241 522 1402 603 quantam

288 631 401 702 autem
426 617 596 688 Thesauri
620 618 816 690 conferendi
848 619 1017 703 omnibus,
1049 619 1109 708 qui
1133 638 1176 686 eo
1200 619 1291 685 usuri
1314 628 1401 703 sunt,

289 749 330 794 ea
354 747 391 792 re
416 722 574 790 Editores
603 730 815 813 pepererunt
866 721 970 811 Atqui
998 721 1143 790 martimo
1166 730 1209 790 ,et
1242 721 1401 813 primaria

88 905 89 912 χ
155 897 165 918 „
277 829 390 898 ‘sums
404 825 512 893 ¹lexici
538 833 604 910 est,
637 835 674 893 ut
704 845 773 892 non
796 825 858 894 nisi
883 847 985 914 qnam
1010 824 1226 917 paucissimos
1254 825 1288 892 in
1314 844 1401 912 qua-

289 952 356 1020 que
379 951 417 997 re
442 930 537 999 locos
564 929 732 1018 inspicere
754 941 887 997 necesse
908 928 959 995 sit.
1015 929 1183 1018 Apertum
1205 935 1400 1009 estatem,

287 1035 323 1101 in
349 1042 420 1100 tam
446 1030 574 1098 inlinita
599 1053 712 1100 rerum
743 1033 844 1120 copia
866 1053 907 1100 ac
935 1027 1094 1099 varietate
1116 1030 1255 1112 mirum,
1293 1031 1401 1097 immo

288 1138 376 1205 ultra
396 1133 577 1202 humanam
600 1134 793 1202 facultatem
822 1133 916 1218 lore,
950 1135 984 1201 ni
1006 1132 1041 1200 in
1065 1133 1181 1203 Indice
1205 1133 1295 1217 illo,
1330 1153 1401 1221 quo

287 1239 347 1309 hic
370 1229 564 1306 The‘saurus
590 1257 675 1326 opus
698 1235 857 1322 habebit,
892 1245 925 1304 et
953 1237 1056 1304 verba
1076 1235 1201 1322 multa,
1236 1245 1270 1304 et
1293 1236 1401 1319 locos,

287 1341 347 1410 ubi
387 1341 431 1408 de
469 1341 509 1407 iis
540 1339 650 1407 verbis
681 1349 801 1432 agatur
833 1338 995 1406 adnotare
1024 1337 1180 1406 Editores
1213 1339 1401 1430 negligant.

287 1444 455 1534 Exempla
483 1443 539 1510 vel
565 1441 666 1510 huius
694 1442 845 1511 fasciculi
875 1441 982 1510 Index
1012 1443 1165 1532 praebet.
1217 1441 1276 1510 Sic
1306 1441 1342 1508 in
1368 1465 1400 1509 v.

288 1541 446 1643 η’γᾶθεος
467 1565 536 1612 non
562 1553 843 1616 commemoratur
865 1568 900 1636 p.
916 1541 1003 1618 259.
1025 1544 1096 1612 nl
1116 1544 1242 1612 bonam
1258 1543 1318 1611 illa
1334 1545 1400 1611 ob-

288 1651 508 1716 servationem
535 1649 724 1732 continens,
762 1670 850 1737 quae
872 1648 992 1716 omissa
1016 1655 1088 1716 erat
1112 1648 1149 1714 in
1173 1647 1238 1714 illis
1267 1646 1400 1715 duobus

288 1751 391 1836 locis,
424 1752 483 1840 qui
504 1749 664 1842 adscripti
686 1753 721 1818 in
745 1751 862 1821 Indice
889 1760 973 1834 sunt.
1030 1751 1208 1818 Praeterea
1235 1749 1322 1818 ratio
1344 1751 1401 1816 illa

288 1877 358 1922 non
377 1853 482 1921 modo
505 1853 549 1920 ad
570 1853 824 1938 inveniendum,
851 1853 943 1942 quod
961 1853 1035 1943 quis
1056 1861 1211 1942 quaerat,
1235 1853 1402 1920 molestis-

288 1959 373 2024 sima
389 1966 457 2040 est,
483 1954 544 2024 sed
567 1957 666 2023 etiarn
684 1957 818 2025 invento
839 1957 1003 2026 lectorem
1024 1958 1216 2040 frustratur,
1236 1956 1402 2043 quoniam

287 2060 323 2128 in
344 2066 465 2143 tanta,
479 2068 637 2147 quantam
651 2069 846 2151 congestam
860 2059 963 2146 videt,
988 2059 1127 2128 materia
1147 2059 1259 2126 denuo
1271 2059 1400 2144 haeret,

286 2163 346 2231 ubi
367 2161 453 2230 illud
474 2162 604 2253 ipsum,
636 2163 731 2249 quod
759 2164 885 2249 voluit,
916 2163 1069 2230 inveniat.
1128 2161 1301 2250 Nusquam
1329 2163 1400 2231 hoc

247 2259 255 2274 ’
286 2265 396 2356 magis
424 2265 643 2355 conspicuum
671 2275 738 2350 est,
786 2288 889 2356 quam
919 2265 954 2334 in
981 2265 1037 2350 iis,
1077 2287 1165 2354 quae
1191 2264 1235 2332 de
1264 2265 1400 2333 nornine

287 2366 434 2461 ἄγαλμα
453 2369 556 2436 allata
582 2376 664 2436 sunt.
716 2368 769 2438 De
786 2391 855 2458 quo
876 2391 980 2457 quum
996 2369 1118 2459 exponi
1136 2377 1295 2458 coeptum
1315 2377 1401 2436 essct

285 2492 322 2561 p.
344 2469 431 2538 181.
452 2471 604 2540 nondum
616 2471 710 2539 linita
732 2473 853 2540 estilla
871 2471 1050 2562 disputatio
1071 2494 1107 2562 p.
1130 2469 1216 2538 32⁰.
1241 2493 1329 2559 quae
1345 2470 1402 2537 ul-

286 2574 368 2640 tima
388 2583 437 2640 est
455 2574 555 2642 huius
569 2573 732 2644 fasciculi.
780 2577 828 2644 At
848 2575 921 2665 quis
940 2575 1109 2642 ducentas
1122 2583 1156 2640 et
1176 2573 1402 2666 quadraginta

286 2675 428 2765 paginas
456 2676 552 2744 unius
579 2678 736 2746 vocabuli
764 2701 879 2748 caussa
905 2678 1085 2768 perlegere
1110 2676 1290 2746 sustineat?
1330 2679 1403 2745 Aut

286 2777 360 2866 quis
380 2777 442 2845 hio
466 2788 578 2868 speret
607 2802 645 2847 se
672 2782 792 2871 longus
822 2780 1064 2849 dissertationes
1094 2778 1139 2848 de
1166 2780 1315 2865 Hecate,
1354 2779 1401 2846 de

286 2877 505 2973 περιστίοις,
546 2882 684 2969 aliisque
703 2884 898 2953 huiusmodi
928 2886 1028 2952 rebus
1047 2883 1219 2974 permultis
1245 2883 1401 2950 inventu-

286 3004 363 3051 rum
379 2985 468 3049 esse:
494 3005 582 3074 quae
605 2986 706 3052 etiam
727 3009 769 3053 eo
793 2986 955 3054 lectorem
974 2993 1168 3069 morantur,
1187 2984 1281 3073 quod
1301 2983 1399 3050 diffi-

287 3085 413 3170 culter,
438 3087 497 3154 ubi
514 3088 674 3179 incipiant
694 3097 729 3156 et
750 3089 810 3157 ubi
832 3089 997 3174 desinant,
1023 3089 1192 3158 invenitur.
1242 3087 1400 3176 Denique

287 3189 360 3277 quis
382 3199 554 3277 expectet,
580 3215 705 3284 magna
718 3193 893 3285 diligentia
905 3191 964 3261 hic
979 3192 1176 3276 enumerari,
1199 3190 1260 3258 ubi
1280 3187 1397 3284 droi-

286 3317 341 3383 μα
362 3285 506 3380 Πανός,
533 3288 645 3383 Διός,
671 3292 917 3391 ’Λρτέμιδος,ι
935 3305 969 3363 et
991 3298 1039 3363 sic
1060 3305 1268 3365 caeterorum
1286 3293 1396 3360 numi-

286 3415 366 3460 num
388 3394 481 3484 apud
505 3403 632 3463 veteres
655 3397 811 3467 dicatur?
842 3403 956 3486 Atque
975 3407 1013 3467 ut
1032 3399 1159 3466 habeat
1181 3394 1308 3485 aliquid
1322 3393 1397 3462 ‘uti-

285 3495 387 3564 litatis
401 3496 488 3564 hae'c
510 3500 728 3585 enumeratio,
755 3501 913 3590 quianon
937 3501 1019 3568 deos
1038 3502 1114 3568 illos
1135 3499 1317 3568 secundum
1338 3498 1396 3564 lit-

239 3604 432 3667 ltiterarum
449 3599 603 3669 ordinem
623 3613 903 3672 commemoratos
920 3603 1027 3688 volet,
1052 3626 1120 3672 non
1145 3612 1276 3690 autern,
1302 3601 1397 3688 quod

285 3700 344 3770 hic
365 3702 514 3788 factum,
537 3705 606 3774 sinc
627 3716 720 3775 certo
741 3706 886 3775 ordine?
911 3729 1070 3795 quaeres
1088 3707 1209 3774 mirum
1237 3714 1397 3792 quantum

285 3807 389 3896 auget
405 3807 593 3895 quaerendi
621 3809 785 3878 laborem.
837 3809 1003 3898 Omnino,
1035 3809 1062 3877 si
1083 3832 1241 3898 usquam,
1273 3809 1308 3874 in
1330 3807 1394 3888 his,
1444 3835 1447 3840 ·

284 3929 372 3994 quae
396 3909 444 3975 de
469 3910 531 3976 ista
554 3932 639 3979 voce
660 3911 752 3981 dicta
780 3921 875 3996 sunt,
916 3913 1001 3980 mira
1027 3921 1146 4006 regnat
1171 3910 1325 3983 confusio
1357 3930 1396 3976 ac

283 4011 501 4098 perturbatio.
560 4013 618 4082 Sic
641 4037 745 4104 quum
773 4037 809 4104 p.
833 4012 918 4083 lot.
951 4017 1068 4084 allatus
1098 4023 1183 4084 esset
1204 4015 1301 4082 locus
1323 4014 1395 4081 Eu-

283 4109 396 4177 stathii
415 4113 461 4180 de
485 4114 672 4186 discrimine
698 4119 784 4185 inter
806 4115 952 4210 ἄγαλμα
975 4130 1008 4186 et
1032 4111 1178 4213 χάρμα,
1195 4124 1397 4204 sequuntur

285 4205 409 4293 Hardc
425 4212 575 4318 ἄγαλμα
596 4221 659 4288 isto
681 4221 889 4313 significatu,
916 4230 955 4306 et
962 4215 1116 4318 Εκάτης
1132 4218 1297 4313 ἄγαλμα,
1318 4219 1397 4289 cu'm

282 4322 355 4384 tota
367 4309 430 4386 illt‘
448 4315 674 4392 dissmtatione
694 4324 738 4394 de
761 4325 912 4411 Hecate,
938 4345 988 4394 ac
1001 4332 1074 4392 turn
1093 4322 1235 4392 demum
1256 4343 1293 4414 p.
1284 4316 1407 4388 ..257
