3058 5046
262 358 339 422 roc
377 353 435 415 on
461 350 723 414 ursuonmr:
751 349 970 414 eunucus
997 311 1283 414 remouens

275 527 350 594 lusu
376 530 621 618 poetarumque
650 523 788 592 inventis
816 521 967 592 vitiatum
1003 545 1073 591 esse
1100 521 1285 592 veritatem.
1344 521 1392 592 At

276 627 369 698 aliud
390 627 557 715 reliquum
580 633 646 694 est:
677 648 745 695 uon
767 624 854 693 illud
879 624 976 712 dieo,
1011 623 1106 715 quod
1130 624 1272 702 fortasse
1299 625 1384 714 quis

275 732 369 826 piam
393 730 564 816 coniiciat,
595 751 732 821 prorsus
756 729 852 798 lictae
871 751 942 797 esse
960 728 1163 796 narrationes
1186 726 1279 796 illas:
1311 749 1391 796 nam

275 835 313 903 id
330 833 490 902 abhorret
508 833 552 900 ab
565 831 625 900 illa
644 831 844 923 antiquitatis
858 830 1087 922 simplicitate:
1113 829 1175 899 sed
1189 829 1271 918 hoc,
1296 831 1391 921 quod

276 935 415 1008 credere
437 936 530 1004 iubet
549 935 717 1025 stupenda
738 934 814 1018 illa,
851 942 903 1020 et,
936 934 1116 1002 sifortuita
1144 942 1249 1020 esset,
1273 934 1392 1023 quovis

275 1048 435 1133 portento
461 1039 692 1109 miraculosior
713 1037 886 1106 nominum
917 1037 1066 1105 omnium
1097 1035 1142 1104 ad
1163 1059 1267 1105 uuum
1288 1037 1391 1113 finem

277 1141 497 1236 conspiratio,
522 1141 628 1234 longe
650 1142 732 1210 alius
751 1164 823 1228 res,
848 1162 950 1229 quam
970 1140 1121 1227 videtur,
1146 1139 1390 1213 narrationibus

275 1246 343 1314 istis
365 1245 558 1330 contineri,
579 1245 626 1312 ita
648 1253 685 1313 ut
710 1244 913 1313 minutiones
936 1243 1076 1331 quidem
1098 1244 1199 1313 fictae
1222 1243 1304 1329 sint,
1337 1266 1390 1312 res

271 1357 407 1433 autem,
432 1369 515 1438 quas
536 1347 721 1433 continent,
746 1369 815 1416 non
841 1347 909 1416 sint,
924 1345 1032 1414 lictae.
1084 1345 1189 1431 Quod
1209 1347 1238 1416 si
1258 1347 1305 1414 ita
1330 1355 1389 1432 est,

277 1460 436 1543 apparet,
468 1448 650 1519 videndum
679 1471 767 1535 esse,
800 1471 889 1539 quae
911 1448 973 1517 sint
994 1448 1072 1534 illa,
1113 1459 1201 1538 quae
1227 1471 1296 1517 non
1317 1459 1390 1518 sunt

276 1556 366 1626 ficta
416 1554 470 1623 Ea
488 1575 570 1621 vero
593 1562 651 1621 aut
668 1553 829 1624 historice
849 1551 913 1620 sint
933 1572 1068 1620 necesse
1082 1561 1148 1635 est,
1174 1559 1313 1620 autnon
1334 1552 1389 1620 hi-

279 1659 411 1728 storica.
463 1656 502 1725 Si
515 1654 675 1728 historica
691 1663 776 1740 sunt,
801 1677 906 1723 novus
923 1652 1080 1722 historiae
1094 1655 1170 1722 fons
1183 1655 1388 1741 recludetur,

250 1773 348 1834 cnon
368 1757 537 1827 adhibitus
554 1767 668 1840 antea3
698 1758 725 1826 si
749 1779 817 1826 uon
836 1756 1012 1842 historica,
1045 1753 1115 1827 hoc
1138 1741 1228 1826 certe
1250 1757 1389 1826 historia

275 1863 406 1932 lucrum
421 1860 544 1944 faciet,
567 1861 661 1951 quod
676 1861 860 1951 quilargus
881 1861 968 1944 eius,
994 1860 1075 1930 lieet
1094 1881 1216 1949 parum
1230 1860 1388 1952 limpidus

274 1965 351 2033 lons
373 1963 582 2047 habebatur,
618 1964 685 2031 alio
708 1963 893 2045 derivatae,
927 1983 995 2029 nou
1023 1963 1167 2053 amplius
1187 1963 1390 2034 adulterabit

220 2089 224 2096 ·
274 2064 458 2135 historiam.
516 2064 588 2133 Sed
614 2066 720 2134 habet
744 2064 832 2134 hoec
860 2064 1041 2154 disputatio
1066 2088 1135 2133 non
1155 2087 1277 2155 parum
1294 2066 1388 2135 diffi-

275 2169 423 2253 cultatis,
444 2168 517 2264 give
537 2168 703 2259 originem
721 2168 843 2236 harum
868 2167 1061 2236 fabularum
1077 2178 1225 2260 spectes,
1252 2170 1321 2238 sive
1336 2171 1387 2238 in-

272 2271 568 2366 terpretationem‚
609 2272 687 2340 sive
722 2269 990 2341 coniunctionem
1024 2292 1103 2340 cum
1129 2293 1211 2340 vera
1240 2271 1386 2341 historia

272 2376 394 2446 Dicam
409 2373 454 2442 de
469 2373 623 2464 siugulis,
649 2397 737 2464 quae
753 2397 831 2444 mea
851 2374 893 2441 sit
907 2373 1082 2455 sententia3
1107 2397 1250 2464 eumque
1267 2375 1387 2444 deiude
1519 2407 1520 2410 ¹

274 2478 433 2568 exemplo
452 2476 645 2564 illustrabo,
676 2499 745 2576 quo
769 2475 856 2546 illud
879 2476 1095 2562 confirmem,
1127 2478 1221 2565 quod
1242 2501 1332 2572 nunc
1352 2487 1390 2546 ut

274 2602 470 2650 conoessum
490 2601 605 2663 sumo,
639 2577 772 2648 fabulas
795 2581 872 2660 istas
893 2580 1098 2649 narrationes
1122 2603 1282 2650 essenon
1305 2602 1389 2676 pro-

272 2683 349 2774 prie
364 2680 619 2773 intelligendas,
645 2682 705 2751 sed
724 2704 811 2771 quae
832 2703 885 2750 res
906 2705 1037 2769 omues,
1062 2684 1250 2752 nominibus
1267 2685 1389 2777 appel-

141 2845 144 2852 .
272 2786 357 2852 latas
376 2785 434 2868 iis,
459 2806 547 2873 quae
560 2793 712 2854 naturam
735 2807 850 2854 earum
864 2783 1022 2873 indicent,
1048 2786 1163 2877 quoad
1178 2787 1254 2858 lieri
1272 2788 1388 2883 possit,
1517 2857 1518 2870 2

273 2896 312 2955 ut
323 2906 484 2980 personas
503 2886 569 2954 ritu
590 2888 758 2978 praeditas
778 2886 1003 2957 introducant

360 3062 579 3163 ,nnumin
598 3091 700 3184 igitur
722 3092 845 3163 fabum
870 3093 1077 3168 streonae
1096 3092 1283 3188 pemeus
1302 3115 1390 3165 con-

273 3193 370 3264 tineri
388 3197 637 3281 contendimus,
663 3197 850 3268 verendum
866 3207 934 3286 est,
961 3224 1005 3269 ne
1026 3199 1064 3268 id
1083 3221 1205 3292 parum
1226 3186 1390 3268 credibile
1516 3197 1517 3226 '

274 3321 346 3368 esse
368 3299 581 3368 existimetur.
631 3301 720 3370 Nam
743 3324 847 3390 quum
872 3325 988 3373 omues
1011 3311 1128 3394 gentes
1152 3303 1251 3372 insito
1274 3301 1389 3377 homi·

273 3425 355 3470 num
383 3403 503 3494 generi
534 3393 665 3495 gloriae
692 3406 803 3473 studio
830 3407 996 3476 maiorum
1024 3429 1160 3476 suorum
1190 3406 1389 3475 memoriam
1515 3449 1516 3452 =

273 3505 445 3592 recolere,
469 3529 590 3595 resque
612 3504 656 3611 ab
679 3506 718 3574 iis
739 3517 849 3599 gestas
870 3510 1038 3578 uenando
1056 3509 1228 3578 celebrare
1246 3530 1389 3580 eonsue-

273 3610 400 3693 veriut,
440 3609 495 3680 cui
523 3633 592 3678 non
618 3609 758 3696 mirum,
793 3635 834 3682 ac
859 3614 970 3703 potius
997 3613 1194 3685 incredibile
1225 3611 1388 3695 videatur,

274 3711 444 3797 Graecos,
469 3722 607 3804 gentem
626 3713 733 3781 laudis
755 3714 996 3802 avidissimam,
1028 3716 1116 3784 adeo
1138 3715 1299 3784 oblivioni
1320 3723 1389 3784 tru-

274 3814 397 3884 didisse
417 3815 552 3883 nomina
568 3816 731 3886 maiorum
751 3839 904 3904 suorum,
929 3830 967 3888 ut
979 3842 1044 3911 pro
1058 3819 1098 3887 iis
1112 3820 1211 3890 fictos
1224 3816 1388 3908 quosdam
1514 3803 1515 3840 l

275 3925 309 3984 et
330 3919 580 3989 commenticios
602 3919 778 3989 colerent?
816 3924 863 3991 At
880 3922 1008 3992 factum
1030 3932 1144 3992 tamen
1163 3944 1234 3991 esse
1255 3941 1389 3992 necesse

277 4027 339 4103 eet,
366 4020 393 4086 si
412 4044 491 4091 vera
512 4033 603 4108 sunt,
637 4043 725 4112 quae
747 4022 792 4091 de
813 4024 935 4094 fabulis
958 4026 1023 4096 illis
1041 4025 1193 4094 diximus.
1244 4024 1388 4094 Desine·

275 4144 441 4192 musvero
463 4124 590 4212 mirari,
616 4135 653 4194 ut
667 4125 805 4219 opinor,
830 4127 858 4195 si
877 4129 1159 4219 reputaverimuS,
1185 4127 1280 4218 quod
1294 4127 1390 4218 ipsae

275 4225 351 4293 satis
367 4225 538 4296 declarant
558 4229 694 4300 fabulae
715 4229 810 4316 illae,
841 4234 951 4323 poetis
968 4233 1058 4304 hanc
1081 4254 1217 4302 omnem
1243 4228 1389 4298 adorna·

273 4329 400 4400 tioneui
419 4329 546 4400 deberi.
596 4333 751 4419 Quorum
771 4356 876 4423 quum
900 4338 1007 4406 omnis
1026 4359 1098 4421 are,
1133 4342 1172 4406 ut
1193 4342 1228 4405 et
1248 4333 1315 4404 hae
1334 4330 1391 4400 la-
