3080 5054
263 349 328 417 ala
594 339 652 414 us
683 345 1045 412 cousosluuouu

264 541 380 610 qoem.
429 517 477 590 Et
494 517 595 592 haim
613 527 726 592 onus
745 521 831 590 inter
852 518 914 590 has
944 519 1089 590 fabulas-
1101 519 1297 588 direrntatis
1317 543 1382 590 nos

263 625 423 716 exiguam
435 631 565 694 tantum
577 633 710 714 partem
722 624 836 694 animo
851 623 1076 715 concipimus:
1099 622 1183 714 quid
1201 622 1280 690 illos
1296 645 1381 694 cen-

264 748 412 813 seamus,
443 726 502 815 qui
528 726 710 796 audiebant
733 727 797 819 ipsi
806 737 922 798 ''vcces
954 735 990 796 'et
1020 736 1200 798 concentus
1225 725 1381 814 musicos,

265 850 469 920 omnemque
487 828 585 909 illum
600 852 720 902 scenas
737 840 939 923 apparatum
960 830 1068 902 oculis
1086 823 1351 932 subsidebant?
1426 885 1430 888 .

367 1033 446 1104 Non
466 1057 542 1106 sum
560 1035 708 1121 nescius,
732 1057 837 1106 onum
863 1035 935 1106 hoc
958 1034 1151 1127 exemplum
1174 1055 1254 1104 esse.
1305 1033 1379 1104 Te-

264 1137 601 1226 merariumquesane
617 1139 723 1222 foret,
749 1139 843 1228 quod
865 1140 900 1207 in
918 1138 986 1208 hae
1007 1138 1145 1232 trilogia
1167 1138 1297 1209 factum
1319 1147 1379 1224 est,

263 1240 300 1309 iu
324 1240 479 1312 omnibus
500 1240 629 1312 factum
642 1242 865 1326 contendere,
890 1243 1085 1332 pracsertim
1102 1263 1208 1331 quum
1231 1242 1267 1308 in
1287 1247 1381 1309 unta

254 1343 517 1436 ,tragoediarum
535 1343 786 1416 scribendarum
802 1345 1050 1416 concertatione
1069 1343 1127 1413 alii
1143 1365 1278 1433 semper
1294 1343 1380 1412 abne

264 1445 411 1516 novitate
428 1447 638 1518 inventorum
649 1471 809 1540 superare
822 1447 1022 1518 studuerint:
1049 1447 1111 1518 sed
1127 1455 1239 1516 nmen
1251 1455 1381 1516 tantam

264 1547 354 1620 haec
370 1551 458 1619 ratio
480 1551 726 1642 probabilitatis
749 1551 898 1644 speciem
920 1549 1043 1634 habet,
1082 1558 1121 1619 ut
1149 1546 1382 1640 quaerendum

264 1653 385 1722 saltem
407 1676 479 1724 esse
502 1654 672 1740 videatur,
708 1677 751 1723 an
775 1654 967 1725 confirmari
988 1654 1088 1722 etiam
1116 1651 1189 1720 aliis
1216 1653 1381 1744 exemplis
1500 1660 1504 1672 '

264 1765 376 1844 queat
427 1757 503 1827 Nec
538 1757 679 1826 sortasse
701 1758 845 1826 multum
882 1781 903 1826 a
931 1779 1014 1824 vero
1041 1756 1262 1842 aberraverit,
1310 1756 1380 1845 qui,

263 1857 335 1928 hoc
349 1868 419 1928 tam
431 1857 551 1929 illustri
566 1860 724 1952 exemplo
740 1860 902 1928 indicium
916 1861 1110 1951 praebente,
1135 1868 1228 1928 certe
1245 1858 1280 1926 in
1293 1858 1380 1926 anti·

262 1960 383 2054 quiere
409 1961 589 2054 tragoedia
618 1963 712 2052 quasi
738 1963 926 2056 legitimam
956 1963 1058 2032 fuisse
1093 1963 1258 2031 rationem
1285 1962 1380 2032 illam

264 2063 456 2136 coniecerit.
506 2065 667 2140 Similiter
685 2067 801 2158 legem
824 2065 1009 2154 quamdam
1027 2064 1190 2156 Aeschyli
1208 2064 1285 2134 artis
1309 2074 1381 2133 tra-

262 2165 363 2260 gicae
382 2168 550 2259 sagaciter
576 2168 703 2262 reperit
734 2168 920 2238 Heerenius
948 2169 982 2238 iu
1005 2168 1222 2239 Bibliotheca
1241 2167 1381 2236 Gottin-

137 2263 152 2292 “
263 2270 360 2362 gensi
382 2270 502 2342 veteris
524 2271 728 2342 litteraturae
745 2278 778 2342 et
799 2271 876 2340 artis
901 2271 942 2340 P.
958 2271 1053 2346 Vlll.
1106 2271 1292 2341 Videamus
1311 2271 1381 2365 igi·

262 2383 336 2461 tur,
362 2373 390 2442 si
414 2373 497 2464 quid
522 2376 583 2462 ait,
605 2374 701 2468 quod
724 2374 901 2448 confirmet
923 2375 1148 2468 suspicionem
1172 2383 1329 2446 noemam
1372 2381 1375 2386 '

365 2577 412 2648 vt
432 2579 622 2672 Aeschyli,
638 2580 685 2654 ita
704 2581 877 2674 Euripidis
895 2581 1086 2652 fabularum
1099 2605 1225 2674 magna
1241 2581 1381 2649 diversi-

260 2689 313 2752 tas
333 2690 399 2752 est:
434 2684 545 2754 minor
572 2687 607 2754 in
634 2685 841 2777 Sophocleis
863 2686 1047 2770 iuvenitur,
1091 2707 1170 2754 cusu
1193 2693 1230 2752 ut
1258 2684 1383 2776 opinor

262 2785 414 2870 servatis,
439 2809 528 2876 qnae
547 2787 726 2858 similiores
749 2790 834 2859 inter
850 2812 886 2858 se
902 2798 986 2860 sunt.
1037 2787 1109 2856 Sed
1122 2787 1295 2878 Euripidis
1310 2796 1380 2854 tra-

261 2886 463 2980 goediarum
484 2889 612 2982 duplex
631 2890 864 2960 dissimilitudo
886 2900 952 2978 est,
979 2913 1044 2957 una
1071 2913 1092 2956 a
1113 2899 1283 2980 tempore,
1310 2905 1381 2977 quo

225 2983 232 2988 ’
262 2991 374 3060 factae
393 3001 481 3078 sunt,
505 2992 702 3085 repetenda,
728 3015 844 3082 quum,
870 3015 958 3080 quae
973 2991 1018 3057 ab
1035 2989 1174 3082 Olymp.
1190 2991 1381 3062 LXXXIX.

262 3093 408 3186 scriptae
425 3104 521 3182 sunt,
542 3106 576 3166 et
593 3117 750 3166 numeros
774 3097 881 3164 minos
895 3094 1103 3175 elaboratos,
1130 3101 1164 3162 et
1177 3103 1285 3162 metra
1299 3094 1386 3164 tnnc

262 3195 408 3268 maxime
435 3199 573 3282 usitata,
607 3200 641 3268 in
662 3190 783 3288 quibus
804 3199 1021 3289 Glyconeum
1042 3197 1182 3282 eminet,
1213 3195 1381 3266 babeant:

80 3315 83 3328 '
217 3318 223 3326 ’
264 3300 452 3372 cuiusmodi
473 3302 572 3372 etiam
593 3302 777 3394 Sophoclis
806 3302 1013 3374 Philoctetes
1038 3309 1103 3379 est;
1137 3302 1269 3384 altera,
1292 3323 1381 3389 quae

263 3410 313 3474 est
346 3403 560 3488 inventionis,
593 3406 864 3501 compositionis,
898 3402 1110 3474 tractationis.
1167 3404 1268 3474 Hane
1290 3425 1381 3472 nunc

264 3505 374 3584 sclam
400 3507 596 3600 respieimus
615 3516 650 3578 et
669 3508 704 3576 in
722 3507 908 3597 Euripide,
934 3515 984 3589 et,
1011 3508 1045 3575 in
1067 3527 1136 3594 quo
1159 3506 1265 3574 altera
1287 3506 1382 3574 nulla

20 3695 37 3722 Ι
183 3691 186 3699 Δ
266 3618 335 3696 est,
359 3610 394 3678 in
413 3609 598 3702 Aeschylo.
649 3611 763 3704 Atque
779 3634 820 3679 ex
834 3608 998 3698 Aeschyli
1017 3608 1200 3700 tragoediis
1224 3618 1381 3699 quattuor

237 3710 449 3796 thabemus,
481 3737 625 3808 quarum
648 3711 1038 3807 permagna‘similitudc
1065 3721 1136 3795 est,
1171 3713 1309 3804 Septem
1337 3711 1382 3780 ad

264 3814 406 3886 Thebas
424 3815 523 3902 dico,
548 3818 686 3902 Persae,
711 3815 958 3908 Choephoros,
984 3814 1175 3912 Supplices.
1228 3814 1382 3900 Quarum

262 3917 324 4008 qui
348 3922 637 4012 comparationem
658 3921 820 4005 instituet,
849 3920 951 3988 facile
973 3926 1057 4010 puto
1081 3917 1287 4002 adducetur,
1312 3940 1382 3986 non

263 4029 334 4090 tam
354 4022 392 4090 id
413 4023 523 4116 egisse
544 4034 703 4117 poetam,
728 4034 766 4092 ut
782 4023 949 4092 actionem
965 4020 1113 4110 aliquam
1126 4031 1258 4091 strenue
1272 4021 1382 4112 expli-

264 4132 374 4210 caret,
399 4148 504 4216 quam
530 4135 587 4212 ut,
612 4149 789 4218 quaequae
814 4127 903 4196 actio
919 4135 1026 4210 esset,
1053 4149 1094 4194 ea
1109 4124 1237 4194 melicis
1259 4123 1382 4194 canni·

263 4224 361 4297 nibus
383 4239 499 4320 aptam
518 4233 699 4324 praeberet
715 4229 914 4314 materiam,
937 4229 1094 4317 iniisque
1107 4228 1292 4320 praecipue
1316 4227 1383 4296 fie-

265 4339 318 4402 ret
342 4330 534 4425 cornpicun.
561 4336 617 4408 Ab
633 4333 934 4434 hocquasilyrico
951 4319 1003 4418 et,
1027 4341 1064 4404 ut
1083 4331 1131 4402 ita
1144 4331 1275 4418 dcam,
1301 4351 1385 4402 cam
