3080 5054
137 417 140 446 Ι
266 353 332 418 242
444 347 621 411 onemo
651 350 699 412 IN
728 343 981 412 rttlnnulcl
1007 347 1218 412 tvevsr1

269 523 476 608 ominamur,
501 523 623 614 quibus
639 523 751 616 gloria
770 532 936 594 seneen
955 521 1181 614 turpitudinis.
1244 522 1390 608 Quanto

268 647 353 694 vero
368 626 494 713 maior,
520 637 646 716 quanto
663 627 834 713 excelsior,
861 629 1065 716 omninoque
1080 648 1183 715 quam
1198 624 1265 696 deo
1279 627 1391 718 digna

268 729 329 797 illa
343 728 444 798 virtus
458 739 517 814 est,
534 753 620 820 qnae
635 731 859 823 prosperitate
870 729 1006 822 populis
1018 739 1051 798 et
1062 728 1224 806 felicitate
1232 730 1391 821 pmanda

269 833 494 924 augendaque
509 843 684 905 censetur·
720 837 767 903 At
780 834 867 902 eninr
878 835 936 902 illu
950 831 1139 925 splendoris
1152 853 1282 924 expers,
1307 855 1388 902 mo-

270 933 367 1004 desta
381 936 467 1004 solet
479 959 520 1007 ac
532 960 622 1028 pene
641 937 778 1009 humilis
796 937 964 1008 incedere.
1023 937 1102 1006 Non
1120 936 1212 1010 enirn
1232 935 1331 1006 factis
1353 945 1412 1032 ct-

269 1039 370 1107 rebns
383 1040 485 1131 gestis
499 1041 681 1132 conspicua
696 1043 765 1113 esse
779 1051 886 1126 amat,
912 1039 973 1110 sed
991 1037 1177 1110 omittendo
1193 1047 1226 1107 et
1242 1059 1311 1108 non
1330 1038 1389 1106 fa-

271 1141 411 1227 ciendo,
437 1143 532 1232 qnod
546 1155 660 1236 posset
674 1146 747 1236 quis
762 1145 893 1230 lacere,
919 1151 1074 1215 contenta
1096 1150 1161 1223 est3
1183 1141 1388 1210 nonlolmi-

269 1243 320 1314 nis
333 1245 435 1314 instar
449 1245 517 1316 ulte
538 1249 677 1339 emicat,
702 1256 897 1338 mentesque
917 1248 1055 1339 fulgore
1077 1265 1138 1316 suo
1159 1244 1388 1336 praestringit,

273 1346 335 1416 sed
349 1349 383 1416 in
397 1350 533 1420 occulto
549 1375 684 1421 manens
701 1354 803 1420 etiam
824 1347 975 1444 ignorari
993 1373 1030 1418 se
1050 1349 1192 1439 patitnr;
1221 1369 1290 1416 non
1310 1371 1387 1415 me-

270 1451 346 1544 gnis
361 1454 536 1543 repentino
552 1454 682 1547 impetu
694 1455 881 1525 evertendis
894 1455 1042 1523 celerem
1059 1453 1186 1524 famam
1206 1450 1386 1540 consequi-

269 1566 342 1643 tur,
368 1557 430 1624 sed
443 1556 533 1626 lente
546 1559 791 1650 paullatimque
804 1557 1007 1643 condendis,
1033 1578 1119 1644 quae
1132 1577 1287 1624 mansura
1310 1555 1384 1644 sint,

268 1655 366 1726 tarde
380 1682 522 1748 seroque
541 1663 771 1753 cognoscitur3
795 1671 966 1754 postremo
987 1670 1065 1728 non'
1077 1657 1233 1749 ancipitia
1258 1678 1385 1747 aequa-

268 1759 352 1827 lium
367 1761 594 1833 admirationis
608 1776 739 1857 captat,
767 1763 904 1834 sedvel
927 1761 1133 1854 reprehendi
1155 1785 1190 1830 se
1211 1761 1255 1828 ab
1277 1759 1331 1828 his
1353 1769 1386 1828 et

271 1867 440 1933 contemni
455 1877 565 1954 aequo
584 1869 695 1936 anino
716 1869 846 1951 ferens,
871 1868 1103 1957 inconnptnm
1125 1871 1295 1956 exspectat
1314 1884 1384 1954 po-

148 1955 151 1962 ’
223 1970 262 2036 11
272 1966 425 2035 steritatis
439 1967 609 2040 iudicium.
660 1973 774 2061 Atque
787 1969 981 2054 haclaude,
1007 1967 1187 2062 auditores,
1209 1989 1296 2056 qnae
1310 1966 1384 2035 sola

269 2091 350 2138 vera
379 2079 429 2138 est
449 2081 483 2138 et
503 2073 699 2142 bnmortalis
719 2063 809 2160 laus,
841 2074 916 2162 quis
937 2081 1075 2142 estnon
1096 2071 1202 2141 modo
1223 2079 1383 2155 nostrum,

269 2171 330 2240 sed
347 2173 492 2263 quisquis
516 2177 616 2245 etiam
634 2187 823 2246 exterorum
844 2185 936 2246 rectu
955 2185 1067 2246 mente
1085 2175 1204 2258 utitur,
1230 2172 1289 2264 qui
1307 2173 1385 2244 ns-

270 2297 352 2344 uun
366 2288 534 2364 nostrum,
559 2279 791 2350 Furounrcvn
805 2282 1015 2363 Avonsrvn,
1041 2279 1068 2346 si
1081 2299 1286 2367 quemquam
1307 2299 1385 2344 unr-

272 2401 376 2467 qnam
389 2403 526 2474 regem,
558 2405 627 2452 non
646 2385 790 2453 maxime
811 2407 882 2452 esse
906 2383 1071 2476 insignem
1083 2380 1261 2451 tanam?
1300 2381 1386 2465 Quis

271 2492 340 2567 est,
366 2485 424 2573 qui
443 2485 591 2555 animum
609 2488 685 2556 eius
707 2490 751 2557 ab
772 2489 864 2555 omni
883 2487 1001 2556 iniuste
1023 2484 1207 2578 cupiditate
1228 2484 1385 2570 alienum,

271 2585 368 2654 nullis
383 2611 492 2678 neque
506 2591 604 2682 regni
618 2591 916 2676 incrementorum,
942 2612 1051 2679 neque
1066 2589 1197 2681 gloriae
1216 2587 1321 2656 inanis
1340 2586 1385 2653 il-

269 2689 411 2760 lecebris
426 2702 580 2782 captum,
606 2696 641 2762 in
657 2694 810 2764 secundis
823 2693 950 2785 puriter
965 2703 1065 2782 atque
1080 2691 1226 2760 adversis
1247 2700 1384 2781 tempo-

268 2791 379 2878 ribus,
403 2796 484 2884 quin
497 2796 530 2862 in
544 2798 750 2866 atrocissimo
763 2799 950 2866 infortunio
967 2803 1174 2866 constantem
1197 2802 1298 2882 atque
1317 2794 1382 2860 irn-

269 2903 419 2981 motum‚
446 2899 588 2989 parique
600 2923 734 2989 semper
753 2909 787 2968 et
799 2899 1030 2968 moderatione
1052 2906 1085 2964 et
1105 2896 1302 2964 fortitudine
1325 2919 1384 2962 ea·

271 2997 352 3069 dem
366 3001 422 3068 via
434 3001 661 3086 incedentem,
687 3022 754 3069 non
767 3001 997 3073 et,ad1niretnr
1004 2999 1171 3084 maxime,
1195 3006 1232 3066 et
1251 3020 1385 3066 summu

270 3103 483 3174 veneratione
496 3105 676 3198 suspiciat?
700 3103 918 3174 Cornideeate
938 3101 1026 3172 haec
1045 3099 1196 3191 singula,
1220 3099 1326 3186 cives,
1351 3110 1386 3170 et

240 3216 242 3220 '
270 3207 409 3274 recolite
424 3209 647 3300 grato'enimo
665 3206 862 3278 memoriam
871 3206 973 3298 longi
985 3205 1086 3274 buius
1094 3205 1280 3294 temporis,
1300 3226 1383 3292 *qno

190 3397 192 3402 ,
270 3309 367 3378 nobis
380 3318 450 3378 tam
465 3312 586 3379 eximio
599 3313 703 3404 Rege
717 3313 783 3382 troi
802 3311 953 3402 contigit.
1004 3309 1107 3381 Nulla
1127 3319 1205 3398 pars
1230 3315 1278 3378 est
1304 3307 1384 3375 offi-

271 3410 418 3498 ciorum,
443 3414 536 3482 nulla
550 3417 741 3506 temporum
753 3413 962 3498 densitudo,
983 3436 1077 3502 ,quae
1091 3433 1159 3481 non
1180 3411 1284 3482 talem
1305 3432 1383 3479 enm

271 3512 445 3602 hebuerit,
472 3519 607 3607 qualem
620 3518 764 3591 enodare
779 3517 893 3586 civitas
908 3525 1026 3612 optare
1048 3523 1171 3605 posset
1193 3559 1195 3564 -
1223 3515 1383 3604 Accepe-

271 3611 323 3686 rat
337 3618 394 3688 ille
408 3643 552 3712 regnum
573 3645 595 3688 a
614 3622 795 3690 maioribus
811 3622 864 3688 ,ito
895 3641 972 3690 aere
993 3620 1103 3690 alieno
1124 3619 1301 3696 obrutum,
1334 3625 1383 3701 nt,

272 3722 446 3810 quomodo
461 3723 497 3792 id
512 3725 635 3794 exsolvi
648 3735 762 3817 posset
780 3724 850 3792 sine
872 3723 993 3815 insigni
1014 3722 1192 3793 et‘ecirium
1209 3720 1330 3793 iniuria
1350 3728 1385 3788 et

209 3847 212 3854 ·
270 3825 353 3892 fidei
368 3827 527 3917 publicae
542 3828 755 3915 detrimento,
768 3828 823 3895 vin
841 3828 954 3917 aliqua
968 3828 1249 3916 ratioappareret.
1282 3821 1384 3898 Nihi-

181 4001 186 4005 ,
271 3927 415 3998 lominus
427 3939 518 3999 tanta
526 3930 670 4001 osthane
683 3931 936 4004 tamditfieilem
942 3953 1014 4000 rem
1027 3926 1383 4021 aggressussapientia,

270 4037 309 4098 nt
324 4040 358 4099 et
373 4034 564 4120 certissima,
586 4045 630 4115 et,
645 4035 760 4124 quoad
769 4035 911 4119 licebat,
924 4035 1023 4106 etiam
1032 4031 1288 4108 brevissimuvia
1294 4029 1384 4101 istud

268 4155 330 4200 aes
343 4133 492 4206 alienum
513 4138 753 4226 incredibiliter
771 4137 996 4223 minueretur,
1020 4146 1060 4208 ,et
1085 4137 1288 4207 minueretur
1307 4133 1385 4222 qui-

227 4242 269 4306 12
278 4235 358 4308 dem
370 4259 443 4305 non
458 4241 567 4310 solnm
582 4265 660 4312 cnm
668 4242 803 4329 minima
818 4242 940 4312 mnium
955 4240 1120 4325 molestia,
1136 4239 1202 4312 sed·
1211 4239 1259 4310 ita
1272 4237 1384 4323 snam,

276 4347 312 4411 ut
330 4338 417 4412 fides
431 4343 572 4436 publica
586 4367 654 4416 non
669 4347 946 4433 labefactaretur,
963 4345 1023 4418 sed
1037 4344 1301 4429 firmameneret,
1321 4363 1387 4428 pec
1523 4383 1524 4386 =
