3078 5026
282 363 344 428 nr
395 326 724 426 un'nrnnonocn
746 357 988 422 onisconvn
1008 319 1283 434 lnrmvrssnn
1418 355 1421 370 ⁴
1522 387 1523 418 r

280 531 467 626 explicatis,
518 529 659 600 historia
693 529 862 618 quaedam
893 529 996 601 condi
1029 531 1157 624 poterit
1188 527 1394 622 temporum,

280 659 368 728 quae
393 645 469 704 ante
497 633 687 704 Homerum
709 642 743 700 et
768 633 959 702 Hesiodum
980 633 1133 720 luerunt,
1180 655 1287 723 eaque
1307 633 1395 720 talis,

206 725 214 756 ²
280 760 367 831 quae
386 739 589 808 uberrimam
610 734 776 806 contineat
791 737 1037 806 utilissimarum
1063 737 1296 828 quaestionum
1317 760 1395 805 ma-

280 843 434 910 teriam·
461 841 523 912 Est
544 849 656 908 autem
678 838 714 907 in
744 837 813 910 bac
838 840 930 908 omni
950 839 1079 909 ratione
1097 839 1225 910 indicio
1248 841 1395 909 maxime

119 905 121 912 >
253 956 388 1037 bopus,
413 945 494 1033 quia
517 965 585 1011 non
607 942 746 1012 testibus
767 964 820 1010 res
842 943 970 1034 agitur,
1000 943 1065 1012 scd
1085 943 1132 1010 ad
1152 942 1395 1034 interpretandi

280 1048 464 1118 sollertiam
485 1046 597 1116 omnia
617 1045 808 1114 revocanda
828 1054 920 1115 sunt:
945 1046 1065 1136 inqua
1084 1045 1299 1115 hoctantum
1313 1067 1395 1137 spe-

279 1151 456 1236 ctandum,
485 1159 523 1222 ut
542 1147 805 1242 procul-habita
825 1149 1012 1218 temeritate
1028 1147 1173 1234 arbitrii,
1199 1147 1304 1234 nihil,
1331 1148 1394 1216 nisi

278 1253 373 1346 quod
388 1277 440 1322 res
461 1253 536 1345 ipsa
555 1273 673 1321 verum
695 1273 769 1320 esse
784 1259 932 1343 apteque
947 1250 1132 1322 cohaerere
1148 1251 1312 1335 ostendat,
1329 1249 1395 1320 ad-

278 1359 437 1428 mittatur.
468 1358 510 1424 ln
525 1378 595 1446 quo
616 1376 743 1446 genere
761 1355 811 1422 uti
827 1355 1011 1446 plurimum
1038 1355 1245 1438 difficultatis
1265 1355 1394 1424 babent

156 1436 165 1464 ⁰
278 1459 424 1552 confinia
448 1446 594 1529 fabulosi
615 1459 777 1548 temporis
800 1466 835 1526 et
856 1459 926 1526 eins
945 1460 1039 1542 aevi,
1070 1458 1105 1526 in
1120 1459 1216 1548 quod
1235 1457 1395 1526 historiae

277 1562 464 1658 primordia
483 1562 650 1645 incidunt,
667 1560 713 1630 ita
734 1583 836 1652 saepo
860 1561 961 1630 etiarn
980 1560 1118 1631 fabulae
1133 1562 1226 1653 ipsae
1249 1569 1398 1651 propter.

255 1691 259 1708 ·
278 1667 476 1735 mutationes
497 1675 598 1754 atque
619 1663 859 1748 additamenta,
885 1667 1005 1754 quibus
1025 1686 1114 1733 nunc
1134 1673 1278 1748 temere,
1303 1683 1394 1736 nuno

278 1770 378 1838 etiam
399 1776 492 1838 oerto
516 1768 657 1839 consilio
679 1767 891 1836 deformatae
920 1767 1148 1861 reperiuntur,
1180 1765 1396 1862 impeditissi-
1522 1773 1523 1776 ’

278 1895 355 1942 mae
373 1879 458 1944 sunt.

378 2075 545 2168 Experiar
584 2027 777 2146 huiusmodi
821 2076 1130 2170 interpretationem
1176 2076 1212 2144 in
1248 2039 1395 2146 Hesiodi

277 2179 493 2272 Theogonis.
545 2179 714 2267 Quodsi,
740 2191 898 2277 utsupra
918 2182 1004 2266 din,
1030 2180 1166 2249 nomina
1187 2182 1279 2281 ipsa,
1305 2201 1394 2270 qnae

276 2307 330 2353 res
350 2285 390 2353 iis
409 2283 601 2354 nominibus
623 2283 817 2375 appellatae
838 2285 920 2370 sint,
944 2282 1106 2365 indicant3
1143 2283 1311 2352 Hesiodus
1330 2291 1403 2351 an-'

275 2397 367 2473 tem,
401 2407 498 2456 sensu
528 2381 735 2473 fabularum,
776 2410 859 2478 quas
879 2387 1003 2474 refert,
1042 2387 1179 2456 minime
1199 2394 1392 2479 perspecto,

275 2487 362 2574 nihil
376 2490 486 2574 alind,
511 2512 614 2579 quam
636 2491 759 2567 tradita
781 2492 826 2560 ab
848 2490 997 2581 antiquis,
1009 2499 1044 2560 et
1059 2490 1188 2562 credita
1205 2492 1249 2559 ab
1266 2511 1393 2579 aequa-

167 2653 170 2658 ,
276 2595 364 2662 libus
388 2595 537 2661 carmine
560 2603 731 2683 exponere
749 2595 873 2662 voluit:
896 2595 1000 2686 plana
1023 2599 1072 2663 est
1090 2595 1161 2682 via‘,
1192 2615 1260 2682 qna
1282 2592 1394 2684 expli-

276 2697 347 2768 cori
360 2696 512 2776 doctrina
525 2695 588 2764 ista
605 2695 739 2782 debeat,
765 2695 953 2766 dummodo
968 2719 1019 2784 ea,
1043 2719 1131 2786 quae
1150 2705 1276 2793 poetae
1290 2697 1393 2788 igno-

276 2798 613 2884 rantiaadditasunt,
639 2799 683 2867 ab
698 2799 753 2884 iis,
780 2823 868 2890 quae
883 2800 943 2868 ille
963 2801 1007 2869 ab
1032 2800 1270 2889 antiquioribus
1290 2818 1392 2868 aoce-

253 2909 384 2995 Ῥοιοῖ,
407 2899 593 2970 diiudicare
613 2885 764 2970 sciamus.
789 2905 958 2994 Apertum
969 2925 1050 2972 vero
1066 2911 1125 2986 est,
1150 2902 1240 2970 hanc
1252 2909 1392 2993 ‹teopo-

275 3005 379 3094 νίαν,
406 3027 494 3093 quae
523 3012 681 3091 vocatur,
709 3004 953 3098 κοσμογονίαν
980 3006 1091 3097 potius
1106 3003 1286 3073 dicendam
1307 3025 1392 3088 esse,

276 3107 441 3197 siquidem
455 3106 622 3176 inmundi
638 3107 808 3177 creatione
822 3109 975 3198 vitaeque
993 3109 1169 3177 hominurn
1182 3105 1394 3199 perfectione

276 3233 345 3280 non
358 3210 463 3286 modo
477 3211 681 3304 principium
698 3212 862 3298 carminis,
891 3212 963 3300 sed,
989 3221 1027 3284 ut
1037 3211 1266 3306 interpretatio
1279 3217 1393 3280 nostra

172 3319 190 3334 “
276 3315 434 3401 docebit,
462 3323 571 3383 totum
593 3337 730 3386 carmen
749 3325 908 3386 versatur.

376 3521 485 3615 Igitur
504 3467 658 3610 antiquus
672 3521 731 3592 ille
749 3521 994 3615 philosophus,
1020 3543 1123 3610 quem
1145 3529 1318 3591 auctorem
1337 3539 1392 3586 se-

275 3634 397 3716 quutus
429 3634 479 3693 est
510 3624 701 3712 Hesiodus,
748 3627 896 3718 primum
931 3626 1083 3700 omnium
1113 3625 1272 3694 exstitisse
1308 3620 1392 3689 dixit

131 3777 136 3784 ·
275 3723 396 3810 Xciocr
428 3739 531 3818 quam
552 3728 611 3796 ille
626 3751 719 3814 non,
752 3738 790 3798 ut
811 3739 930 3822 postea
949 3730 1123 3821 plerique,
1157 3728 1279 3804 rudem
1296 3723 1392 3794 ‘indi-

275 3841 475 3923 gestamque
496 3832 622 3900 molem
644 3833 824 3918 materiae,
858 3832 919 3904 sed
938 3833 1080 3924 propria
1101 3831 1241 3898 nominis
1260 3827 1393 3920 signifi·

276 3936 408 4003 catione
431 3935 603 4026 Spatium,
619 3934 725 4023 quod
748 3936 840 4003 omni
860 3937 1000 4004 materia
1023 3957 1168 4007 vacuum
1190 3942 1257 4019 est,
1291 3930 1394 4000 intel-

275 4036 338 4127 ligi
357 4035 475 4110 voluit.
526 4039 614 4106 Narn
627 4046 748 4129 postea
769 4039 905 4108 demum
928 4047 1075 4110 creatam
1094 4037 1178 4110 dicit
1198 4035 1390 4114 Materiam,

275 4139 368 4210 ouius
390 4149 425 4208 et
447 4139 618 4211 Graecum
641 4163 767 4211 nomen
785 4146 902 4230 Γαῖα,
930 4153 965 4212 et
983 4142 1160 4227 Latinum,
1187 4141 1231 4209 ab
1258 4161 1300 4208 eo
1315 4137 1393 4206 du·

277 4251 388 4424 clam,
426 4243 522 4332 qnod
543 4244 680 4314 creandi
700 4245 736 4314 in
758 4270 793 4316 se
816 4247 942 4315 semina
966 4247 1131 4318 continet:
1184 4243 1230 4312 lli
1259 4239 1394 4312 addidit

271 4345 286 4369 ’'
322 4373 404 4445 por,
424 4345 560 4417 nomine
580 4371 601 4418 a
618 4349 722 4420 verbo
743 4351 854 4447 εἴρειν
871 4349 1034 4441 derivato,
1059 4348 1270 4443 lugatinum,
1296 4343 1393 4438 quod
