3078 5026
494 347 808 412 urssuuufflo
836 349 873 412 ll.
1187 351 1251 422 148

131 534 204 596 tum
231 521 333 593 etiarn
359 521 537 592 confimat
565 521 835 592 emendationem
865 527 1015 593 nostram
1045 521 1251 596 vocabulum

131 621 324 711 ὑπόθεσις,
350 648 421 716 quo
445 626 493 696 uti
516 626 627 716 potnit
650 625 866 711 scholiastes,
900 626 929 696 si
943 620 1246 717 dacaouudoriouc,

130 753 218 815 non,
245 723 387 822 sipara?
405 723 603 823 λαμπάδων
619 728 824 800 introductas
842 729 957 802 dicere
976 727 1125 798 volebat
1156 716 1276 800 ‘Fa-a

130 857 187 906 ces
204 833 327 925 igitur,
353 855 442 922 quae
463 834 498 900 in
518 833 581 919 isto
597 830 731 901 scholio
752 841 787 902 et
801 854 882 900 mor
903 829 939 902 in
951 831 1092 902 duobus
1114 831 1189 934 aliis
1204 831 1250 903 ad

131 937 290 1032 eumdem
303 935 437 1019 lucum,
452 945 564 1024 ,atque
576 935 656 1003 inde
677 936 771 1026 apud
787 935 929 1004 Suidana
947 935 981 1002 in
1003 958 1035 1004 v.
1051 932 1250 1032 τραγῳδία,

129 1049 305 1131 tamquam
332 1038 443 1108 Furiis
471 1038 564 1129 apud
587 1037 736 1130 tragicos
765 1039 909 1107 tributae
925 1045 1251 1122 commemorantur,

130 1167 200 1214 non
226 1141 272 1210 ad
294 1140 458 1232 Aeschyli
473 1141 696 1226 Eumenides,
723 1141 785 1209 sed
802 1142 848 1210 ad
870 1143 1013 1210 aliorum
1030 1141 1162 1212 fabulas
1180 1150 1251 1210 tra·

130 1249 287 1343 gicornm
298 1254 460 1338 spectant
510 1244 594 1312 Veri
617 1244 724 1318 simile
746 1253 795 1312 est
817 1253 948 1330 autem,
974 1266 1078 1332 quum
1093 1243 1251 1333 Aeschy-

130 1353 182 1422 lus
205 1349 347 1441 Olymp.
362 1347 499 1418 LXXX.
514 1345 549 1416 2.
563 1346 685 1418 Furias
704 1347 828 1416 deduci
844 1368 924 1416 cnm
943 1347 1074 1418 facibus
1091 1347 1250 1422 adsedet
1373 1415 1375 1420 .

130 1477 205 1524 suas
225 1454 377 1536 iecisset,
410 1451 495 1521 uisas
515 1473 586 1519 esse
606 1451 699 1521 faces
722 1451 865 1522 multum
890 1451 1047 1520 conferre
1067 1449 1112 1517 ad
1134 1450 1251 1540 splen.-

130 1559 253 1627 dorem
273 1566 307 1625 et
330 1563 495 1626 terrorem
517 1552 633 1639 chori,
659 1554 808 1644 ideoque
828 1562 949 1645 postea
972 1576 1028 1623 eas
1044 1553 1153 1622 Furiis
1168 1551 1252 1622 addi
1376 1555 1380 1574 ‘

129 1663 246 1732 solitas
268 1681 339 1729 esse
364 1656 414 1750 *).
467 1657 558 1725 Hinc
575 1679 644 1725 non
664 1658 805 1742 mirum,
830 1658 925 1748 quod
941 1659 976 1726 in
991 1679 1098 1748 opere
1118 1656 1251 1729 caelato

128 1766 245 1836 Musei
265 1761 435 1847 Vaticani,
469 1781 538 1851 quo
560 1759 851 1853 Choephororum
871 1760 1173 1850 Eumenidumque
1194 1782 1251 1834 ar.-

130 1875 330 1962 gumentum
358 1887 551 1957 expressum
580 1872 645 1950 est,
678 1863 818 1954 dequo
847 1885 953 1956 opere
974 1864 1077 1934 docte
1097 1863 1253 1936 dissensit

128 1971 315 2042 Heerenius
332 1969 368 2036 in
392 1966 604 2039 bibliotheca
622 1968 743 2038 veteris
765 1970 970 2039 litteraturae
991 1977 1026 2037 et
1048 1969 1127 2036 artis
1153 1975 1253 2059 parte

127 2076 255 2160 tertia„
270 2073 394 2142 Furiae
416 2093 495 2140 crun
515 2070 646 2142 facibus
677 2071 945 2166 conspiciuntur,
972 2071 1032 2141 etsi
1056 2069 1151 2162 apud
1178 2071 1252 2140 Ae·

128 2177 285 2270 schylum
301 2177 340 2244 iis
358 2175 529 2244 carebant
984 2169 986 2174 '

230 2281 403 2351 Hactenus
423 2275 575 2344 nondum
594 2273 747 2343 videmus
772 2276 914 2346 allatum
939 2297 1027 2361 esse,
1059 2273 1155 2364 quod
1176 2275 1251 2344 En-

127 2383 280 2456 menides
294 2381 346 2449 bis
360 2389 452 2449 actas
474 2401 545 2446 esse
561 2386 691 2468 arguat
744 2378 839 2462 Quid
859 2401 944 2470 ergo
962 2379 1009 2452 de
1027 2401 1069 2446 eo
1088 2378 1250 2460 dicemus,

126 2487 224 2580 quod
244 2507 300 2553 eas
314 2480 532 2565 'Boeckhius,
564 2481 841 2571 quamprimum
865 2488 1063 2574 agerentur,
1088 2501 1157 2548 non
1182 2487 1250 2548 ste·

127 2594 205 2662 tisse
222 2586 362 2668 censet?
386 2584 500 2654 Valde
514 2583 673 2676 profecto
686 2584 817 2656 lubrica
833 2595 910 2654 sunt
922 2594 1136 2678 argumente,
1161 2606 1250 2673 quac

129 2705 293 2765 aterrore
309 2697 490 2784 petuntur,
517 2709 620 2777 quem
633 2687 757 2756 Pollux
771 2697 806 2756 et
820 2691 965 2782 scriptor
983 2691 1073 2758 vitae
1088 2686 1252 2778 Aeschyli

130 2801 310 2869 excitatum
332 2815 402 2863 esse
428 2790 536 2859 choro
560 2789 739 2860 Furiarum
763 2791 888 2862 dicunt.
948 2794 1037 2864 Nam
1058 2793 1085 2861 si
1106 2791 1252 2862 manile·

128 2912 213 2972 slam
247 2894 546 2990 exaggerationem
575 2891 773 2981 detraxeris,
818 2895 904 2964 nihil
928 2897 1143 2986 relinquitur,
1189 2893 1252 2964 uisi

128 3005 231 3076 valde
250 3001 445 3095 perterritos
467 3022 539 3068 esse
564 3007 788 3089 spectatores:
830 3001 925 3090 quod
956 3023 1016 3069 cnr
1039 2999 1177 3066 tandem
1207 3019 1251 3064 eo

128 3110 271 3179 valuisse
292 3103 503 3198 putabimus,
536 3111 573 3168 ut
596 3102 713 3170 fabula
737 3095 1001 3192 improbaretur,
1035 3124 1141 3191 quum
1161 3099 1251 3168 haec

128 3213 205 3306 ipsa
228 3233 280 3278 res
305 3207 444 3277 laudem
471 3204 583 3296 potius
615 3213 716 3294 atque
745 3205 1002 3275 admirationem
1028 3228 1149 3298 parcre
1177 3204 1251 3273 Ae·

128 3315 249 3406 schylo
275 3307 456 3390 debuerit?
480 3305 646 3397 Reliqua,
673 3326 761 3395 qnae
787 3307 973 3379 firmandae
996 3309 1146 3402 opinioni
1170 3329 1250 3376 suae

128 3419 230 3490 affert
251 3413 466 3496 Boeekhius,
492 3411 644 3501 collapsa
665 3411 831 3497 tabulata,
858 3423 893 3483 et
912 3413 1092 3504 impietatis
1108 3431 1250 3480 accusa·-

125 3524 273 3605 tionem,
300 3543 341 3587 ea
365 3515 501 3585 minoris
526 3516 628 3583 etiam
649 3523 724 3582 sunt
747 3516 918 3604 ponderis.
969 3516 1023 3583 De
1038 3512 1250 3585 accusatione

125 3626 188 3694 illa
212 3624 301 3693 infra
324 3620 464 3691 dicetur.
517 3618 571 3686 lie
594 3615 752 3706 collapsis
772 3627 884 3688 autem
899 3617 1078 3701 tabulatis,
1105 3614 1150 3683 de
1170 3614 1250 3703 qui-

126 3730 192 3799 bus
210 3727 324 3796 scribit
346 3747 383 3820 p.
400 3721 461 3790 88.
481 3743 584 3810 quam
601 3721 728 3788 incerta
749 3741 803 3788 res
825 3720 881 3805 sit,
907 3720 1073 3789 neminem
1090 3719 1166 3786 fore
1182 3739 1249 3808 pn·

125 3843 258 3915 tamus,
295 3828 357 3919 qui
398 3849 467 3895 nou
504 3821 681 3916 intelligat.
750 3820 869 3894 Omnis
911 3824 1000 3894 enim
1039 3821 1248 3890 ratiocinatio

125 3932 299 4032 Boeckbii
321 3931 411 4002 haec
436 3937 500 4000 est:
525 3925 552 3998 si
575 3928 611 3996 in
635 3926 788 4000 Siciliam
813 3928 896 3998 abiit
909 3925 1098 4018 Aeschylus
1122 3926 1168 3995 ob
1184 3923 1248 3995 ad-

126 4143 335 4166 μ

168 4269 196 4347 *)
225 4264 432 4348 deprehendit
458 4263 519 4326 hoc
545 4263 745 4327 Schwenkius
768 4264 802 4326 in
827 4260 1012 4345 praelatione
1037 4263 1076 4325 ad
1104 4259 1248 4342 Aeschyli

124 4351 304 4432 Eumenides
332 4373 366 4436 p.
390 4357 421 4422 8.
