3078 5026
589 359 837 420 rnnsrs
1228 367 1274 427 so
1346 325 1348 332 ¹

157 539 390 604 rehactmcmr
423 531 518 622 quod
544 533 684 622 quidem
707 533 755 601 sic
781 517 921 616 faciam,
954 539 992 599 nt
1019 553 1087 602 non
1107 540 1177 600 tam
1198 533 1272 602 lau-

158 637 273 730 dando
302 644 407 727 poeta
436 655 650 706 commovere
676 629 841 707 lectorum
874 634 1019 718 animos,
1065 657 1168 724 quarn
1202 646 1274 706 arte

159 742 228 810 cius
265 738 467 830 explicanda
500 739 696 823 ostendere,
751 736 833 826 quid
870 737 915 804 de
954 736 1022 806 hac
1053 737 1170 806 fabula
1207 747 1274 808 sta-

158 844 323 912 tuendum
352 842 411 925 sit,
445 840 607 910 studeam.
674 843 783 910 Erunt
815 848 929 908 autern
951 841 1016 908 tria
1037 839 1135 908 huius
1155 841 1273 932 dispu-

157 947 290 1014 tationis
335 945 456 1037 capita.
525 945 614 1013 Nam
649 953 683 1013 et
718 943 763 1012 de
800 942 940 1014 consilio
980 953 1123 1033 poetae,
1169 954 1203 1012 et
1230 944 1275 1012 de

158 1049 348 1118 inventione
386 1047 593 1139 argumenti,
638 1056 671 1116 et
705 1047 750 1116 de
781 1045 933 1118 dictionis
956 1046 1131 1116 virtutibus
1158 1045 1275 1116 diceu-

158 1151 250 1222 durn'
269 1151 341 1224 erit.

257 1353 299 1420 ln
319 1355 509 1438 universum
530 1354 671 1444 quidem
688 1357 950 1442 tantumabest,
977 1353 1015 1424 ut
1037 1377 1058 1422 a
1081 1352 1274 1432 doctissimo

159 1456 220 1524 illo
241 1456 334 1542 viro,
358 1457 450 1526 cuius
464 1459 668 1527 mentionem
689 1458 776 1543 feci,
803 1458 1011 1544 dissentiam,
1036 1466 1090 1543 ut,
1116 1480 1203 1547 quae
1217 1456 1277 1526 ille

159 1559 194 1626 in
232 1559 412 1628 Wielandii
443 1561 567 1630 Museo
596 1563 710 1632 Attico
743 1560 810 1630 vol.
840 1562 901 1631 lv.
929 1561 1010 1631 fasc.
1037 1560 1071 1632 1.
1112 1560 1301 1644 disseruit-‚b

160 1663 326 1753 pleraque
348 1664 462 1733 omnia
483 1687 548 1758 pro
570 1665 732 1735 concessis
756 1664 877 1734 haberi
896 1666 1010 1734 velim.
1060 1663 1100 1731 ln
1119 1663 1174 1732 his
1189 1661 1277 1730 illud

166 1773 232 1849 cst,
257 1767 352 1854 quod
379 1768 493 1836 scribit
515 1769 559 1836 de
574 1768 763 1837 Phoenissis
779 1767 982 1858 Phrynicbi,
1007 1767 1158 1836 fabulam
1171 1766 1277 1850 illam,

162 1869 304 1956 quaein
332 1868 455 1939 eodem
477 1873 669 1944 versabatur
695 1882 912 1964 argumento,
944 1870 1182 1939 Themistoclis
1202 1891 1279 1937 ma-

161 1971 250 2039 xime
272 1993 388 2041 caussa
413 1974 538 2042 editam
559 1975 683 2059 videri,
716 1976 830 2064 quiet
852 1984 1001 2066 sumptus
1024 1973 1056 2040 ci
1075 1972 1277 2064 praebuerit,
1342 2041 1356 2052 ,

163 2083 198 2142 ct
229 2073 290 2142 illu
321 2078 396 2168 ipso
424 2086 580 2169 tempore
609 2079 761 2168 coeperit
788 2079 909 2146 cisium
936 2075 1095 2146 invidiam
1126 2075 1278 2167 experiri.

164 2175 315 2260 Quodsi
336 2179 582 2268 quisquaerat,
608 2202 677 2268 quc
699 2181 839 2249 consilio
863 2179 1051 2268 Aeschylus
1073 2187 1151 2269 post
1165 2178 1278 2267 Phry-

161 2279 302 2348 nichum
326 2280 419 2348 idem
445 2291 680 2373 argumentum
706 2283 873 2373 attigerit,
918 2284 955 2349 in
978 2281 1116 2349 historia
1140 2279 1279 2368 quidem

159 2381 250 2448 illius
272 2383 435 2471 temporis
454 2384 540 2450 nihil
563 2393 627 2468 est,
653 2383 743 2451 unde
769 2384 996 2452 coniecturam
1015 2383 1129 2451 facere
1156 2382 1279 2471 possis:

162 2483 226 2552 sed
253 2485 314 2571 qui
334 2483 444 2568 norit,
486 2493 610 2574 quanta
631 2485 732 2554 fuerit
749 2495 938 2575 ¹poetarum
962 2485 1168 2575 tragicorum
1193 2485 1280 2550 inter

161 2589 256 2678 ipsos
280 2587 479 2671 aemulatio,
506 2588 582 2656 satis
606 2611 677 2656 esse
699 2589 848 2677 putabit,
883 2577 910 2656 si
936 2586 1023 2654 nihil
1047 2587 1106 2656 ille
1136 2586 1280 2654 voluerit

163 2688 274 2773 aliud,
314 2713 417 2779 quam
436 2713 594 2783 superare
624 2692 774 2760 eiusdem
797 2691 847 2759 rei
873 2690 1071 2762 tractatione
1097 2691 1278 2775 aemulum,

163 2794 361 2884 praesertim
375 2794 538 2863 victorem
552 2795 613 2862 illa
628 2794 764 2880 fabula,
790 2803 827 2862 ut
842 2816 883 2861 ex
901 2793 1075 2863 Plutarchi
1095 2794 1164 2862 vita
1179 2793 1279 2862 The·

162 2895 321 2984 mistoclis
349 2920 379 2966 c.
410 2892 445 2970 5.
477 2897 598 2989 colligi
627 2906 748 2987 potest.
814 2898 994 2967 Praeterea
1020 2920 1122 2981 vero,
1173 2920 1278 2985 quum

165 2997 375 3068 Graecorum
397 3010 522 3090 poetae
541 3001 647 3070 multo
675 3000 797 3091 magis,
823 3023 926 3089 quarn
952 3023 1042 3077 nunc
1062 3000 1196 3068 solitum
1219 3008 1279 3083 est,

163 3100 196 3168 in
218 3122 260 3170 eo
283 3102 502 3188 elaborarint‚
535 3112 668 3170 utnon
698 3103 905 3173 delectarent
933 3103 1062 3188 solum,
1091 3102 1152 3172 scd
1180 3102 1280 3170 etiam

164 3202 385 3293 prodessent,
420 3214 676 3278 consentaneum
699 3216 765 3289 cst,
799 3215 837 3272 ut
857 3203 1082 3294 Aeschylum,
1116 3227 1219 3294 quem
1241 3203 1278 3274 id

166 3307 201 3372 in
225 3307 341 3397 primis
359 3308 477 3377 fecisse
497 3317 642 3392 constat,
667 3306 735 3376 hae
751 3329 888 3397 quoque
909 3308 1024 3376 fabula
1037 3308 1280 3400 puteniusvir*

167 3417 273 3476 tutem
294 3411 420 3480 civibus
436 3415 500 3481 suis
516 3420 617 3500 atque
633 3411 735 3479 animi
756 3411 1022 3503 magnitudinem
1043 3409 1281 3482 commendare

166 3511 320 3582 voluisse.
380 3513 471 3597 Quin
498 3515 618 3582 diserte
647 3513 685 3580 id
720 3515 883 3583 fatentem
907 3514 1090 3582 introduxit
1120 3515 1155 3578 iu
1175 3512 1279 3578 Ranir

166 3615 419 3706 Aristophanes
480 3616 538 3685 Ad
563 3616 651 3685 haec
680 3617 708 3682 si
739 3616 941 3696 adiunxeris,
977 3614 1071 3702 quod
1101 3636 1304 3697 communes

167 3719 335 3804 omnium,
362 3721 421 3806 qui
441 3730 601 3811 poemata
623 3720 787 3800 scribunt,
824 3717 1000 3802 consilium
1022 3725 1089 3800 est,
1120 3727 1280 3804 utquam

166 3821 296 3911 possint
323 3822 601 3912 perfectissimum
624 3843 709 3910 opus
734 3819 851 3905 edant,
893 3819 978 3887 nihil
1017 3821 1079 3889 crit
1113 3820 1279 3911 amplius,
1412 3843 1415 3856 ’

149 3924 261 4012 ,quod
291 3927 449 4016 requiras.
510 3924 581 3992 Sed
611 3945 652 3992 ex
679 3922 732 3992 his
759 3923 882 4006 tribur,
916 3938 1003 4011 qua'e
1028 3932 1194 4012 spectasse
1208 3926 1281 3993 Ac·

165 4025 323 4116 schylum
349 4032 420 4098 veri
454 4028 560 4108 sisnile
593 4038 656 4111 cst,
690 4036 727 4094 ut
754 4029 879 4094 bonam
905 4028 1033 4095 faceret
1056 4027 1280 4118 tragoediam,

165 4139 204 4197 ut
227 4141 400 4221 superaret
419 4130 661 4221 Phrynichum
683 4138 723 4196 ut
736 4131 831 4199 cives
857 4128 901 4196 ad
933 4132 1088 4198 virtutem
1110 4131 1280 4216 excitaret,

166 4235 404 4318 tantummodo
424 4237 578 4325 'primum
603 4231 689 4302 illud
711 4255 799 4302 nunc
824 4233 941 4322 paucis
965 4233 1196 4325 attingendum
1220 4243 1278 4316 est,

168 4336 300 4428 reliqua
316 4336 387 4408 duc
412 4344 525 4408 autem
538 4335 603 4405 illi
626 4337 811 4426 quaestioni
833 4336 1011 4424 servanda,
1044 4359 1133 4429 quae
1152 4334 1279 4407 eritde
1339 4335 1345 4362 ¹
