3080 5054
288 378 353 446 848
426 375 627 441 -0ntr10
660 371 709 439 ΙΝ
738 375 988 440 rolderici
1018 371 1229 442 tvcvsxt

287 557 376 646 pa'ce
390 553 543 623 restituta
561 551 760 642 firmataque
781 553 981 638 concordia,
1014 553 1075 622 sed
1097 575 1185 623 nova
1207 551 1306 622 etiem
1323 577 1409 622 san-

288 659 356 726 cita
377 665 411 725 et
433 657 628 749 gravissima
652 659 726 724 talis
746 657 910 750 religione
936 656 1102 752 foederis,
1127 657 1228 745 quale
1249 649 1325 724 non'
1340 681 1405 738 ex·-

288 759 370 828 stitit
389 760 533 830 antehae
548 762 616 830 ulla
631 759 807 829 hominum
821 761 993 829 memoria.
1044 760 1136 829 lllud
1150 781 1231 828 vero
1245 769 1405 850 reputate

289 871 391 952 atque
413 863 448 931 in
471 871 619 932 mentem
640 872 817 951 revocate,
858 871 895 931 ut
921 885 1070 931 reversus
1094 864 1129 930 in
1161 863 1323 952 patriam,
1358 873 1403 948 et,

288 966 578 1056 quemadmodum
598 975 781 1052 meruerat,
811 975 903 1034 tanta
926 989 1003 1037 curn
1033 967 1248 1034 exsultatione
1275 991 1296 1034 a
1317 967 1402 1036 civi-

287 1070 351 1136 bus
373 1070 437 1139 suis
460 1079 634 1160 exceptae,
668 1078 793 1160 quanta
810 1071 904 1139 nulla
924 1093 1071 1160 unquam
1093 1070 1173 1138 alibi
1194 1069 1307 1136 audita
1327 1068 1401 1153 fuit,

287 1193 356 1240 uon
375 1182 519 1264 propter
541 1173 660 1241 amissa
682 1174 858 1242 demittens
881 1175 1046 1271 animum,
1078 1173 1140 1242 sed
1160 1172 1284 1242 relictis
1307 1180 1402 1239 tanto

287 1274 538 1366 diligentiorem
568 1297 683 1345 curam
708 1261 923 1366 impendens,
962 1257 1048 1344 nibil
1075 1275 1167 1344 aliud
1199 1299 1263 1367 per
1290 1283 1399 1342 totum

286 1378 374 1445 illud
394 1388 530 1474 tempus
540 1402 641 1470 quam
660 1381 792 1471 patriae
807 1379 1032 1449 crudelissime
1051 1379 1240 1469 discerptae
1260 1365 1400 1447 vulnera

287 1503 420 1566 sanare,
457 1491 708 1572 tantarumque,
754 1483 875 1573 quibus
904 1483 1030 1552 alllicta
1059 1483 1210 1566 iacebat,
1250 1481 1400 1550 cladium

287 1585 493 1654 oblivionem
514 1585 685 1655 adducere
707 1587 885 1655 studuerit:
910 1587 947 1654 id
960 1586 1053 1675 quod
1075 1609 1117 1654 eo
1133 1585 1217 1656 fecit
1233 1607 1413 1669 successu,x

286 1693 324 1754 ut
345 1710 434 1784 pene
456 1689 653 1759 incredibile
677 1691 734 1779 sit,
760 1691 936 1782 regionem
955 1699 1005 1757 tot
1023 1689 1159 1780 proeliis
1174 1696 1354 1773 vastatam,
1381 1713 1400 1754 a

286 1792 382 1858 tantis
398 1792 595 1860 exercitibus
612 1791 826 1880 exhaustam,
852 1803 903 1860 tot
921 1795 1091 1883 imperatis
1113 1793 1245 1860 tributis
1260 1814 1400 1860 enerva-

285 1901 370 1977 tam,
396 1893 602 1960 fertilissimis
625 1895 771 1984 denique
792 1897 970 1985 provinciis
995 1897 1176 1986 spoliatam
1204 1913 1272 1962 non
1291 1893 1400 1962 modo

285 1995 413 2064 salvom
428 2018 469 2063 ex
482 2006 552 2064 tam
572 1997 737 2064 immensis
758 1999 855 2066 malis
871 1998 1053 2084 emersisse,
1079 1999 1141 2066 sed
1166 1998 1256 2066 omni
1272 2020 1399 2089 genere

285 2099 519 2191 prosperitatis
535 2099 799 2168 florentissimam
821 2103 982 2194 conspici.
1009 2103 1133 2172 Talem
1154 2102 1279 2192 igitur,
1310 2109 1400 2167 tarn-

288 2227 355 2294 que
383 2203 538 2271 eximium
566 2205 703 2279 Recens
729 2207 805 2293 quis
842 2215 892 2274 est
918 2213 1086 2290 nostrum,
1119 2205 1225 2292 cives,
1255 2205 1315 2300 qui
1332 2225 1399 2271 non

239 2305 403 2376 21diviuo
422 2307 519 2373 nobis
537 2307 706 2374 beneficio
729 2307 866 2392 datum,
898 2309 1010 2376 divino
1032 2303 1198 2378 beneilcio
1223 2330 1287 2399 per
1313 2308 1400 2382 inte,-

286 2431 386 2530 grunr
402 2409 578 2476 dimidium
593 2409 718 2478 saeculi
733 2421 975 2497 conservatum,
1002 2413 1079 2497 sibi,
1106 2412 1282 2495 Saxoniae,
1309 2402 1400 2478 Ger

200 2524 203 2543 ¹
285 2515 417 2582 maniae
442 2513 653 2604 gratuletur?
693 2515 844 2603 quinon
866 2525 957 2583 tanta
978 2515 1061 2584 Eius
1082 2515 1219 2600 merita,
1262 2520 1399 2602 tamque

286 2617 452 2692 excelsam
472 2618 628 2684 virtutem
650 2627 747 2708 grata
769 2620 933 2688 memoria
960 2619 1132 2686 recordari
1160 2618 1398 2687 sanctissimum

284 2716 409 2787 habeat
433 2719 766 2809 pietatisollicium?
791 2724 938 2810 quinon
961 2745 1002 2789 ex
1024 2723 1140 2790 intimo
1160 2731 1300 2812 pectore
1319 2729 1398 2790 vota
1521 2781 1522 2786 ,

226 2892 232 2898 ,
275 2833 349 2914 'pro
372 2823 455 2889 Eius
475 2824 582 2892 salute
606 2833 708 2916 atque
728 2823 957 2894 incolumitate
971 2826 1089 2910 faciat,
1117 2827 1273 2912 Eumque
1297 2845 1397 2912 quom

285 2925 469 2993 diutissime
489 2925 655 2993 Saxoniae
675 2949 831 3014 praeesse
857 2930 957 2994 etiam
979 2921 1080 3014 atque
1106 2928 1204 2992 etiam
1237 2925 1400 3016 exoptet?

284 3029 358 3097 Nee
379 3029 442 3095 soli
461 3049 540 3112 nos,
567 3027 674 3111 cives,
700 3026 819 3115 quibus
840 3049 946 3115 usque
969 3026 1083 3093 adhuc
1103 3029 1165 3094 sub
1186 3027 1267 3093 Eius
1286 3049 1399 3118 regno

283 3125 388 3199 beatis
405 3132 692 3222 vixere'oonti'git,
718 3131 810 3200 hunc
826 3130 1041 3199 laetissimum
1063 3129 1155 3198 diem
1171 3129 1398 3200 celebramus:

284 3235 352 3318 illi,
377 3235 425 3302 illi
447 3257 602 3324 quoque,
627 3258 696 3314 non
710 3231 973 3320 ‘sine·laerimis,
998 3231 1180 3324 participes
1202 3233 1301 3301 huius
1326 3234 1398 3304 lae-

275 3337 376 3405 'titlae
404 3349 496 3424 sunt,
529 3333 597 3427 qui
611 3341 734 3408 multos
757 3355 831 3429 per*
845 3333 956 3407 annos
978 3361 1044 3406 una
1069 3339 1242 3406 nobiscum
1264 3339 1398 3419 iustum,

277 3441 514 3526 moderatum,
541 3442 635 3526 lene,
662 3442 808 3510 clemens
826 3443 908 3512 Eius
931 3441 1111 3531 imperium
1132 3440 1275 3530 experti,
1309 3463 1397 3508 nunc

285 3544 383 3613 divisi
405 3547 558 3630 anobis,
584 3567 652 3611 non
664 3545 775 3612 solum
790 3529 892 3614 tacita
908 3543 1141 3615 recordatione
1162 3544 1270 3632 lllius,
1286 3565 1399 3632 quem

279 3649 354 3722 'tam
375 3648 432 3714 diu
449 3650 553 3742 patris
572 3650 675 3717 instar
690 3634 881 3718 beneficum
900 3648 1107 3734 habuerunt,
1133 3647 1195 3715 sed
1216 3647 1333 3732 etiam,
1360 3655 1398 3716 ut

285 3749 457 3839 audimus,
483 3735 626 3844 publicis
639 3752 943 3837 testificationibus,
968 3737 1214 3848 comprobante
1232 3752 1310 3840 pios
1324 3750 1397 3817 ani-

284 3875 416 3923 morum
433 3881 543 3925 sensus
559 3856 701 3924 honesta
713 3855 831 3947 Regis,
857 3857 912 3926 cui
927 3878 1015 3925 nunc
1030 3863 1161 3954 parent,
1186 3853 1397 3938 liberalitate,

283 3956 432 4027 Saxones
453 3984 490 4028 se
515 3983 584 4029 esse
602 3959 812 4050 profitentur.

275 4089 277 4098 ·
388 4063 478 4146 Quin
495 4073 532 4131 tu
548 4084 685 4152 quoque
700 4061 798 4147 ades,
823 4061 1002 4132 Parrcars
1018 4061 1270 4148 Saamussnun,
1296 4084 1398 4152 prae-

285 4162 454 4252 sentiaque
477 4175 534 4233 tua
558 4177 596 4234 ut
622 4167 846 4258 insperatum,
882 4167 929 4235 ita
951 4169 1056 4259 longe
1079 4168 1259 4236 maximum
1285 4163 1397 4232 adiicis

235 4331 239 4338 ,
285 4267 429 4334 laetitiae
451 4279 584 4336 nostrae
607 4272 787 4339 cumulum.
849 4270 942 4353 Quid
970 4272 1082 4339 enlm?
1113 4273 1192 4338 Hoc
1214 4272 1289 4360 ipso
1312 4276 1398 4333 tem-

285 4376 396 4457 pore,
414 4393 483 4458 quo
502 4373 563 4438 toti
589 4395 699 4442 sumus
722 4373 756 4440 in
776 4373 984 4444 celebrandis
1004 4376 1121 4442 Rccrs
1138 4373 1248 4442 nostri
1268 4371 1397 4440 beneli⁴
