3120 5030
201 353 205 372 ‘
276 357 321 420 ss
548 353 603 414 DE
631 351 866 454 nuscum
894 353 1100 418 cutvcls

277 521 416 598 ντοτνί..
443 524 496 593 lta
528 525 654 610 codex,
686 525 848 596 Schowio
869 535 963 598 terte.
1013 525 1128 597 ldemt
1163 528 1304 628 ίτηλσν,
1338 521 1388 602 co*

279 629 466 720 ἔμμονον,
483 626 544 699 acl
568 625 632 702 ούιι
655 628 830 748 ἐξίτρλον·
854 623 1034 720 Αἰσχύλος
1049 624 1201 724 Γλαύκῳ
1220 635 1385 704 Hortari.
1448 655 1449 664 ¹

277 731 324 800 Et
344 728 501 798 Photius:
526 731 668 825 ίτηλον,
701 758 769 805 τον
798 728 862 805 σύν
887 732 1064 829 ἐξίτηλον,
1090 729 1172 808 ἀλλ’
1202 725 1389 815 οίνιξύλσι-
1466 815 1469 822 ,

274 852 386 905 οιτον·
414 831 527 912 οὕτως
541 827 731 921 Αἰσχύλος.
781 835 879 904 Haec
893 835 1121 925 interpretatio
1135 835 1282 926 argutias
1300 837 1389 925 sapit

277 936 584 1025 grammaticorum.
625 935 850 1025 Spauhemius
872 939 1100 1028 suspicabatur
1123 938 1293 1008 Glmrcum
1314 939 1387 1006 Po·

276 1037 438 1106 tuiensem
453 1061 474 1103 a
487 1037 666 1110 scholiasta
685 1038 870 1130 Sophoclis
888 1041 932 1108 ad
956 1040 1045 1111 Oed.
1060 1040 1104 1113 A.
1120 1040 1204 1109 733.
1221 1040 1314 1109 citari
1332 1041 1387 1108 his
1499 1086 1502 1099 ›

277 1140 403 1209 verbis:
443 1139 525 1234 περί
559 1139 725 1214 Δαυλίδα
760 1141 845 1240 φησί
872 1138 940 1238 τήν
968 1138 1117 1240 οχιστήν
1151 1136 1255 1216 ὀδό-ν·
1291 1139 1313 1216 δ
1346 1143 1385 1216 δί

276 1235 457 1332 Αἰσχύλος
477 1241 558 1340 περί
580 1243 763 1331 Ποτνίαι,
789 1243 919 1325 οὕτως·

379 1469 382 1476 ¹
688 1347 825 1476 ίαῇμεν
848 1382 911 1478 τῆς
926 1379 1015 1456 δδού
1033 1374 1258 1478 τροχήλατον

430 1480 575 1580 σχιστῆς
597 1475 770 1584 νολούδον
791 1483 958 1580 τρίοδον,
985 1487 1076 1557 ἔνθα
1097 1474 1277 1575 σομβολοίς
1403 1523 1406 1534 ·

428 1585 541 1682 τρισίν
564 1577 743 1659 νσλιύθων
758 1581 973 1661 Ποτνιοίδων
986 1583 1193 1684 η’μείβομσν.

276 1720 323 1790 At
341 1743 445 1809 quum
470 1721 562 1812 apud
582 1721 799 1813 Sophoclem
821 1723 864 1791 de
891 1721 1028 1812 Oedipo
1051 1743 1159 1788 sermo
1182 1721 1241 1805 sit,
1255 1746 1258 1754 ¹
1272 1721 1387 1790 nescio

277 1847 320 1890 au
341 1825 409 1890 ista
425 1845 466 1890 ex
490 1823 628 1915 Oedipo
655 1825 817 1914 Aeschyli
838 1825 1016 1915 depromta
1040 1825 1111 1922 sint.
1169 1824 1290 1914 Aptius
1311 1824 1382 1891 for-

275 1935 360 2016 tasse
383 1925 428 1994 ad
450 1925 619 1995 Glaucum
642 1927 854 1996 Potniensem
875 1927 938 1996 hos
960 1950 1072 1995 versus
1090 1926 1232 2012 referas,

430 2059 468 2141 ὃς
490 2057 563 2151 εἶχε
579 2057 716 2145 στύλους
729 2065 906 2160 τέσσαρας
927 2056 1159 2162 ζυγηφόρους,

429 2171 596 2259 φιμοῖσιν
620 2161 834 2240 αύλωτοῐσιν
858 2168 1149 2262 ἐμβριμωμένας,

275 2324 362 2394 quos
376 2301 518 2368 semovit
537 2300 730 2369 Eustathius
744 2326 780 2393 p.
800 2298 910 2391 1157,
937 2298 997 2369 35.
1025 2301 1117 2393 apud
1133 2323 1235 2390 quem
1251 2293 1383 2373 τέττα-

60 2423 69 2440 ’
153 2475 157 2488 ,
276 2405 496 2503 perlegitur.
546 2405 600 2472 Ex
624 2405 659 2471 h.
690 2405 713 2471 l.
744 2401 900 2478 αύλωτοί
922 2405 1028 2500 φιμοὶ
1057 2402 1264 2494 explicantur
1292 2404 1385 2494 apud

180 2577 185 2583 ,
275 2507 494 2598 Hesychium.
552 2508 697 2575 Videtur
728 2517 840 2576 autem
868 2508 912 2577 de
938 2507 1111 2596 quadrigis
1140 2505 1234 2573 unius
1256 2527 1384 2592 eorum,

249 2611 337 2699 Squi
366 2631 443 2676 cum
471 2609 605 2678 Glauco
635 2619 857 2692 certaverant,
896 2629 1004 2675 sermo
1033 2629 1120 2690 esse,
1159 2606 1255 2695 quod
1283 2609 1386 2696 ipsius

139 2787 146 2796 .
277 2711 403 2781 Glauci
422 2732 527 2798 equos
544 2713 600 2778 vix
619 2713 667 2780 ita
689 2713 798 2780 obiter
818 2719 922 2802 poeta
943 2717 1243 2778 commemorasset.
1293 2709 1385 2776 For-

273 2823 361 2882 tasse
375 2815 474 2880 etiam
487 2815 590 2882 verba
610 2815 729 2906 ζιύχος
744 2812 953 2907 τεθρίππων
979 2810 1023 2877 ad
1046 2806 1215 2877 Glaucum
1224 2809 1385 2880 Potnien-
1417 2869 1427 2882 .

275 2939 347 2984 sem
367 2916 612 3006 pertinuerunt,
639 2940 726 3005 quae
749 2915 931 2983 distinctius
958 2937 979 2978 a
1001 2910 1125 2979 Photio
1143 2912 1177 2977 in
1197 2932 1228 2977 ν.
1249 2912 1382 3006 ζεῦγος,

274 3041 378 3110 quam
398 3019 441 3086 ab
462 3019 573 3105 Etym.
594 3019 645 3084 Μ.
666 3042 702 3109 p.
728 3015 815 3100 409,
836 3012 896 3081 48.
924 3023 957 3079 et
983 3011 1061 3079 inde
1089 3034 1109 3077 a
1136 3012 1304 3080 Favorino
1331 3018 1384 3085 ci-

272 3132 399 3202 tantur3
426 3131 459 3188 et
477 3125 514 3192 ἐν
534 3121 707 3218 διρρυμίᾳ
721 3119 851 3200 mailoc,
878 3113 1129 3184 commemorati
1147 3113 1324 3183 Eustalhio
1346 3141 1383 3208 p.

274 3222 377 3309 706.
404 3220 464 3294 50.
499 3222 678 3292 Caeterum
714 3221 803 3288 hanc
829 3217 982 3288 fabulam
1013 3224 1123 3284 actam
1149 3226 1219 3283 es'se
1243 3216 1384 3310 olymp.

272 3325 428 3396 LXXVI.
454 3324 489 3392 4.
517 3332 750 3417 argumentum
773 3323 948 3390 Persarum
973 3320 1089 3386 docet:
1113 3318 1182 3398 ,ἐπί
1198 3311 1384 3404 ’Μένωνος

273 3428 466 3524 τραγῳδῶν
494 3419 688 3514 Ἀἰσχύλος
726 3421 823 3495 ἐνίκα
863 3424 968 3492 Φινεῖ
971 3473 986 3507 ,
1022 3411 1202 3517 Πέρσαις,
1236 3415 1391 3519 Γλαύκῳ

274 3536 432 3605 Ποτνιεί
450 3529 502 3619 *),
532 3529 736 3622 Προμηθεῖ.
1091 3563 1093 3566 -

374 3632 483 3700 Venio
508 3631 552 3699 ad
575 3629 745 3696 Glaucum
763 3624 929 3691 Pontium.
979 3621 1029 3707 Is,
1065 3629 1102 3689 ut
1128 3621 1283 3713 plerique
1298 3626 1385 3694 har.

270 3744 366 3822 rant,
406 3734 555 3826 piscator
583 3731 648 3799 fuit
666 3727 888 3812 Anthedone,
930 3725 987 3815 qui
1013 3746 1117 3815 quum
1138 3727 1266 3818 pisces,
1297 3752 1386 3819 quos

277 3941 477 3960 m

312 4071 341 4152 *)
363 4072 500 4132 Pontium
524 4059 669 4129 Glaucum
684 4065 743 4125 dici
765 4063 881 4124 censuit
901 4065 1072 4143 walkerus,
1102 4067 1154 4147 qui
1175 4088 1250 4150 quae
1272 4067 1310 4131 do
1329 4063 1386 4132 illo'

272 4157 388 4216 Glauco
419 4167 449 4214 et
475 4157 506 4213 in
528 4151 660 4230 Trilogia
690 4160 720 4210 et
744 4143 776 4209 ih
798 4150 859 4209 eius
881 4149 1057 4230 Appendice
1077 4153 1223 4233 protulit,
1245 4154 1386 4231 immania

271 4250 335 4301 cete
351 4239 382 4298 in
397 4239 524 4301 chorum
544 4246 720 4298 convertens
744 4236 869 4294 deorum
890 4236 1088 4315 marinorum,
1110 4239 1260 4301 credenda
1281 4239 1386 4300 relin-

271 4326 406 4406 quimus,
420 4323 481 4404 qui
500 4321 675 4382 huiusmodi
693 4321 784 4382 rebus
807 4319 1003 4385 delectantur.
