3120 5030
363 334 604 399 stauonls
626 334 866 398 HOMERICI
891 331 1000 394 DISS.
1022 333 1058 396 11.
1225 333 1267 398 41

161 529 229 576 nou
248 505 311 576 iila
323 503 466 594 quidem
479 505 670 590 recondita,
696 505 756 577 sed
777 527 865 594 quac
880 513 991 574 tamen
1007 503 1182 573 adnotasse
1200 526 1269 572 non

138 609 263 679 'fuerit
282 629 576 699 supervacaneum.
635 609 756 696 Neque
779 608 867 676 enim
886 610 997 699 probo
1019 606 1269 694 Thierschium‚

159 714 218 803 qui
246 710 428 803 particulas
450 710 653 802 temporales
674 711 709 778 in
738 711 1060 801 comparationibus,
1102 711 1130 777 si
1152 733 1206 780 res
1233 719 1271 779 ut

160 815 341 908 praeterita
367 822 536 898 narratur,
568 836 647 883 cum
667 813 851 882 indicativis
875 814 1145 905 praeteritorum
1182 813 1272 881 siut

160 940 336 1012 praesare,
361 937 439 985 cum
454 917 682 998 coniunctium
706 939 870 1004 nusquam
892 926 1004 985 autam
1025 937 1103 984 cum
1120 917 1270 1005 optativo

161 1020 309 1091 construi
322 1019 508 1088 contendit:
534 1041 554 1086 a
570 1020 691 1108 quibus
712 1019 837 1110 regulis
851 1020 958 1086 solam
972 1019 1055 1088 dicit
1071 1019 1271 1109 particulam

161 1117 447 1218 vidrarecedere,
471 1143 559 1209 quae
581 1123 683 1189 etiam
696 1122 890 1212 'praesentis
909 1121 1124 1190 indicativum
1148 1121 1273 1188 admit-

160 1233 227 1310 tat,
253 1233 288 1294 et
307 1224 354 1292 ita
368 1223 523 1314 quidem,
548 1231 585 1292 ut
606 1224 764 1298 excludat
775 1225 1028 1294 coniunctium.
1079 1224 1167 1293 Nam
1182 1223 1271 1322 hpec

162 1349 242 1420 ego*
257 1333 380 1396 utnon
401 1349 472 1396 esse
486 1347 566 1395 vera
590 1326 792 1412 existimem,
819 1327 961 1396 rationes
982 1325 1095 1394 habeo
1115 1327 1272 1418 gravissi-

160 1453 251 1515 mas,
276 1452 400 1515 unam,
426 1429 601 1520 exempla,
626 1452 771 1518 quorum
789 1428 911 1515 multa,
936 1429 997 1496 nisi
1007 1429 1180 1522 violentius
1194 1452 1271 1498 mu-

160 1541 288 1617 tentur,
313 1541 503 1624 repugnant
517 1532 643 1624 regulis
656 1533 740 1614 istis;
765 1532 923 1616 alteram,
947 1532 1138 1624 graviorem
1159 1533 1270 1618 etiam,

160 1636 210 1708 rei
232 1635 333 1727 ipsius
348 1645 517 1720 naturam,
543 1657 630 1724 quae
650 1635 724 1702 talis
737 1644 801 1720 cst,
826 1643 864 1703 ut
884 1657 956 1710 uon
971 1657 1070 1726 posse
1091 1657 1185 1703 veras
1198 1630 1299 1704 esse4¹

161 1739 296 1829 regulas
315 1738 393 1806 istas
407 1737 547 1807 evincat
597 1737 654 1806 Ab
670 1738 737 1807 hac
752 1758 833 1807 vero
852 1757 890 1806 re
906 1746 946 1808 ut
959 1760 1024 1831 par
1040 1747 1108 1823 est,
1134 1738 1272 1830 capien-

163 1840 246 1908 dum
261 1841 359 1912 uobis
378 1841 441 1909 erit
463 1840 694 1931 disputationis
715 1840 899 1910 exordium.

264 1943 319 2013 Ac
351 1965 451 2012 nemo
484 1965 554 2012 nou
583 1943 694 2030 videt,
733 1966 834 2035 posse
874 1939 958 2033 quid
996 1943 1186 2033 comparari
1218 1943 1274 2012 rel

164 2066 243 2114 cum
266 2067 326 2131 eo,
351 2046 446 2135 quod
461 2069 500 2114 re
514 2069 595 2114 vera
610 2055 671 2134 est,
695 2049 753 2116 vel
773 2069 852 2117 cum
871 2068 933 2132 eo,
958 2045 1052 2134 quod
1067 2056 1179 2141 pptest
1192 2068 1273 2115 esse.

163 2145 244 2216 Hoc
270 2143 560 2239 alterum‘duplex
580 2158 639 2217 est.
697 2151 787 2218 Nam
816 2158 873 2218 aut
895 2171 937 2218 eo
955 2171 1057 2239 posse
1079 2171 1150 2217 essa
1173 2149 1274 2219 iutel-

162 2249 296 2341 ligitur,
322 2252 419 2339 (1⁰5³,
454 2251 482 2318 si
503 2273 597 2320 casus
618 2251 750 2337 tulerit,
769 2273 818 2321 ,re
841 2273 922 2319 vera
940 2251 1071 2319 evenire
1091 2251 1192 2331 solet;
1217 2259 1287 2320 aut¹
1356 2257 1359 2262 “
1469 2281 1474 2302 ι

98 2403 101 2409 -
162 2353 239 2420 sola
261 2353 483 2442 cogitatione,
515 2361 688 2439 tamquam
715 2352 810 2441 quod
837 2353 912 2437 flat,
954 2353 1110 2444 sumitur,
1148 2353 1277 2421 etiamsi
1326 2429 1328 2434 ,

162 2454 255 2521 forte
277 2476 321 2521 ne
337 2456 445 2543 possit
460 2453 598 2541 quidem
618 2453 703 2524 fieri.
753 2445 931 2544 Apparet,
950 2454 1053 2543 plane
1069 2453 1203 2522 easdem
1216 2454 1275 2524 hic

164 2555 257 2626 cerni
268 2555 491 2639 diversitates,
518 2577 600 2644 quas
621 2563 723 2645 supra
737 2558 777 2623 in
798 2554 908 2623 modis
926 2556 1107 2624 verborum
1128 2579 1198 2624 esse
1222 2558 1275 2626 vi·

166 2657 283 2726 dimus.
335 2658 435 2727 Vnde
456 2666 715 2726 consentaneum
734 2658 882 2742 videtur,
907 2680 1011 2746 quum
1025 2659 1107 2746 quid
1131 2681 1208 2728 cum
1225 2683 1274 2746 re,

166 2783 253 2850 quae
272 2781 351 2829 vere
372 2769 442 2846 est,
467 2757 697 2849 comparatur,
722 2760 903 2836 indicativo
919 2761 1080 2830 utendum
1103 2785 1190 2844 esse3
1215 2765 1276 2832 ubi

166 2873 278 2932 autem
293 2885 372 2932 cum
394 2886 455 2948 eo,
481 2863 574 2952 quod
588 2863 770 2953 aliquando
788 2864 934 2948 eveniat,
959 2867 1185 2946 coniunctium
1211 2867 1276 2934 de-

166 2966 267 3054 nique
289 2965 317 3032 si
344 2989 422 3036 cum
448 2988 509 3052 eo,
542 2965 636 3056 quod
655 2967 823 3060 cogitetur
850 2976 979 3036 tantum
1000 2991 1089 3054 esse,
1129 2991 1193 3039 nec
1224 2969 1276 3054 dt,

167 3069 327 3160 optativo.

269 3171 421 3242 Primum
449 3173 555 3265 igitur
577 3172 622 3242 de
649 3176 689 3243 iis
699 3176 801 3244 rebus
820 3174 968 3258 dicatur,
994 3195 1082 3263 quae
1099 3195 1178 3241 vere
1191 3177 1275 3240 suut.

167 3273 238 3361 Has
259 3274 334 3364 quis
357 3274 456 3366 uolet
481 3278 540 3346 tali
562 3279 656 3344 verbi
683 3278 789 3345 modo
813 3276 977 3361 indicare,
1012 3297 1080 3366 quo
1107 3298 1173 3344 non
1197 3299 1277 3345 vero

168 3399 258 3462 esse,
284 3376 345 3446 sad
361 3400 460 3467 posse
483 3401 553 3448 esse
567 3379 816 3471 significentur?
849 3380 921 3448 Sed
950 3380 994 3447 de
1017 3381 1120 3448 tribus
1140 3389 1277 3467 tempo·
1378 3403 1396 3466 ι,

166 3479 277 3565 ribus,
302 3479 424 3569 quibus
444 3483 747 3570 omuia'ersniunt,
771 3506 893 3567 unuin,
919 3483 1069 3550 futurum
1092 3481 1191 3563 dico,
1216 3502 1278 3546 na·
1324 3563 1327 3568 .

166 3591 242 3649 tura
262 3605 323 3651 sua
346 3582 392 3650 ad
421 3587 708 3676 comparationem
727 3609 848 3677 parum
872 3584 1032 3652 idoneum
1055 3591 1112 3650 est.
1163 3580 1278 3666 Quum

168 3685 259 3752 enim
282 3685 506 3755 declarandae
525 3687 577 3754 rei
588 3688 770 3762 *inserdant
792 3687 1077 3776 comparationes,
1103 3693 1278 3752 consenta—
1308 3687 1310 3690 ’

167 3809 270 3856 neum
288 3797 354 3874 est,
379 3789 493 3879 potius
516 3810 594 3858 cum
622 3812 685 3875 ao,
709 3788 803 3880 quod
825 3799 875 3857 est
893 3789 949 3857 vel
969 3789 1049 3873 suit,
1076 3787 1278 3877 compara'n-

169 3889 253 3957 dum
271 3891 401 3980 aliquid
422 3914 510 3976 esse,
543 3891 728 3980 quiahoc,
763 3892 863 3982 quale
886 3892 943 3977 sit,
977 3891 1144 3975 norimus,
1175 3914 1278 3980 quam
1399 3977 1402 3982 Ι

168 4016 249 4064 cum
272 4016 333 4079 eo,
368 3994 463 4084 quod
489 3996 637 4066 futurum
658 3998 715 4083 sit,
749 3994 1016 4086 quodquoniam
1041 3993 1191 4061 nondum
1217 4017 1278 4068 co·

167 4097 363 4188 8¹¹⁰V3¹¹¹¹¹Ss
395 4099 514 4195 ,ipsum
546 4101 659 4189 potius
689 4101 801 4190 aliqua
831 4096 1083 4189 comparatione
1110 4097 1279 4166 illustran-
1319 4189 1320 4192 ,
1405 4180 1408 4184 ¹

168 4200 250 4268 dum
280 4202 366 4285 erit,
396 4223 498 4290 quam
524 4211 570 4268 ut
586 4201 828 4292 ipsomuliam
856 4224 928 4269 rem
960 4200 1120 4273 illustret„
1165 4199 1280 4285 Quare

168 4303 318 4376 futurum
350 4303 405 4372 vix
437 4303 623 4376 invenietur
647 4304 1032 4397 intemperatioribus,
1072 4303 1133 4372 nisi
1158 4305 1194 4371 in
1224 4302 1280 4368 lo-
