3078 5026
512 359 516 368 '
540 357 868 425 mascarum.
953 390 958 399 ·
1200 365 1265 429 rel

147 525 323 630 πηγνύειν
345 533 471 618 dictus,
503 532 599 621 qnod
619 541 667 602 est
682 555 857 632 pangeret
885 533 948 622 qul'
966 540 1016 602 est
1037 536 1147 628 navist
1173 537 1265 607 unde

146 637 251 706 etiam
266 658 387 726 equus,
413 636 534 704 usitata
551 637 782 726 translatione,
806 644 964 724 vocatur,
989 647 1028 708 ut
1051 639 1144 732 apud
1161 641 1271 718 Plane,

145 748 220 808 tum
245 740 279 806 in
304 735 482 809 Rudenter
996 781 1001 788 ι

302 914 430 988 neapo
454 915 542 988 equo
573 890 695 987 ligneo
708 915 792 990 ,ρει
815 869 895 966 uiua
921 863 1088 966 caerulco
1201 884 1205 890 ’
1276 881 1278 885 ’

302 997 384 1066 eatis
408 1005 533 1066 vectae
557 997 609 1087 *).

146 1146 321 1238 Chrysaor
340 1149 470 1219 iunctus
492 1148 614 1218 dicitur
633 1141 844 1246 Καλλιρόῃ,
879 1148 1099 1235 Pulorilluae,
1133 1149 1270 1220 Oceani-

144 1252 252 1319 iiliaez
276 1251 344 1326 ie.
362 1253 471 1320 lanata
484 1251 696 1344 navigatione
714 1252 847 1336 traiecit
858 1276 950 1323 mare
966 1275 1137 1346 magnum.
1178 1253 1264 1323 Inde

145 1364 244 1422 natus
258 1348 484 1454 Γηρυονιύς,
503 1349 657 1437 Pabulu,
683 1357 760 1444 qui,
787 1365 961 1425 utnumen
977 1356 1139 1444 declarat,
1166 1379 1268 1428 rnen·m

147 1456 251 1527 daces
273 1458 404 1526 fabulas
426 1457 593 1550 significat
614 1467 855 1528 mercatorum:
879 1483 984 1550 quare
1003 1461 1139 1552 triceps.
1190 1459 1263 1529 Sed

120 1562 313 1649 *insequuti
335 1562 497 1652 temporis
519 1561 696 1629 tantaluit
718 1561 858 1652 levitas,
881 1573 934 1648 nt,
961 1564 1018 1654 qui
1039 1563 1186 1632 ridendis
1208 1563 1264 1630 his

144 1663 269 1732 fabulis
290 1664 440 1733 inventus
463 1671 564 1750 esset,
600 1665 675 1754 ipse
693 1665 874 1733 credulae
864 1666 1073 1758 ignorantiae
1088 1666 1262 1734 materiam
1354 1715 1356 1720 ,

145 1765 338 1836 fabularum
345 1763 557 1862 praebuerit.
600 1766 845 1837 Occiditillunr
858 1770 919 1869 βίη
933 1767 1167 1898 Ηρακλρείη,
1191 1769 1269 1837 vir-

143 1879 197 1938 tus
213 1865 417 1962 Poplioluti,
443 1871 630 1961 etquidem
643 1863 846 1970 περιρρύτῳ
866 1874 919 1945 εἰν
933 1867 1131 1970 Ἐρυθείῃ,
1156 1871 1258 1940 inin
1265 1882 1306 1944 18
1369 1928 1378 1942 ι

137 1974 219 2074 ,sula
233 1975 288 2044 vel
302 1975 478 2067 peninsula
490 1975 667 2059 Rubellio,
694 1975 813 2063 (quam
831 1975 889 2042 ubi
910 1984 1074 2044 terrarum
1087 1995 1261 2066 quaerere,

145 2067 265 2166 quibus
292 2077 409 2162 lubet,
450 2078 596 2168 possint,
635 2075 722 2144 infra
752 2078 946 2168 apparebit]
979 2075 1156 2148 interfecto
1178 2099 1263 2148 cane

145 2179 276 2250 Orthro
299 2188 334 2248 et
346 2179 498 2249 bubulco
521 2179 725 2296 Eurytione,
750 2179 927 2268 dequibus
942 2202 1032 2248 mox

248 2383 407 2473 Sequitur
429 2383 496 2450 alia
516 2381 646 2452 Phorci
674 2389 708 2450 et
731 2380 852 2451 Cetus
850 2383 1061 2474 progenies,
1089 2380 1269 2472 Ἔχιδνα,Ι

144 2491 316 2580 SerpenS,
338 2488 377 2580 ¹in
394 2506 500 2577 specu
517 2487 626 2570 edita,
653 2484 768 2553 sedern
783 2483 913 2554 habens
927 2487 989 2554 sub
1006 2486 1144 2554 terrain
1162 2505 1269 2552 mon-1

142 2596 231 2661 tibus
251 2590 485 2682 Turgontinis,
522 2591 581 2679 qui
599 2613 621 2656 a
646 2589 755 2656 verbo
777 2589 951 2683 αἴρεσθαι
981 2586 1141 2684 Ἀριμοι
1165 2587 1259 2672 dicti,

144 2695 317 2763 dimidiata
339 2693 479 2780 mulier,
506 2689 680 2760 dimidiata
700 2708 853 2782 serpens,
885 2691 906 2758 i.
925 2715 953 2760 e.
975 2713 1017 2760 ex
1036 2691 1289 2784 parteiorma·

145 2796 340 2890 spectabili,
382 2819 422 2864 ex
445 2805 545 2887 parte
566 2805 678 2864 autem
696 2793 855 2863 timenda.
907 2795 1005 2864 Haec
1027 2797 1141 2863 omnia
1158 2817 1259 2863 nemo
1365 2877 1367 2883 ρ

105 2915 116 2932 ”
145 2925 213 2970 non
233 2900 326 2969 videt
348 2921 389 2968 eo
412 2900 626 3021 opnspirare,
647 2905 685 2965 ut
706 2905 958 2985 terraemotus,
989 2908 1140 2968 tortuoso
1161 2911 1267 2978 cursu

143 3003 349 3101 procedent,
383 3004 450 3072 et
441 3003 604 3094 incapite
623 3000 744 3070 lucidis
761 3002 903 3068 flammis
918 3003 1133 3128 conspicuus,
1158 3000 1256 3068 intel-

142 3109 205 3200 ligi
223 3105 364 3175 debeat
415 3104 558 3174 Maritus
577 3103 758 3174 Echidnae
780 3103 879 3171 datus
905 3098 1083 3198 Τοφοίωι,
1109 3102 1259 3192 Vapori-

141 3234 220 3294 nus,
254 3231 357 3298 quern
380 3208 587 3277 Hesiodus
577 3229 650 3297 rpse
669 3215 806 3274 ventum
825 3206 988 3296 appellat.
1037 3206 1092 3279 Ex
1113 3227 1155 3273 eo
1174 3227 1259 3292 con-

99 3317 112 3328 ‘
141 3314 237 3434 iugio
250 3321 346 3380 natus
355 3310 540 3408 Ὄρθρος,
567 3309 712 3400 Engus,
737 3330 841 3397 quem
858 3317 1001 3399 apparet
1020 3317 1171 3379 montem
1186 3329 1259 3376 esse

140 3417 360 3508 ignivomum.
412 3414 445 3481 Is
459 3414 549 3485 oanis
571 3421 619 3481 est
635 3413 834 3523 Geryonae,
860 3411 955 3502 qnod
969 3423 1018 3481 est
1035 3420 1162 3495 custos,
1187 3429 1257 3510 quo
1300 3457 1318 3484 „-

140 3529 232 3588 tntae
258 3526 333 3588 sunt
361 3517 499 3586 fabulae
530 3524 775 3600 mercatorum,
816 3537 859 3584 ne
887 3515 944 3582 alii
974 3514 1098 3582 eodem
1128 3513 1257 3581 divitias

140 3621 328 3712 quaesitum
359 3629 444 3687 eant
502 3619 547 3687 Ei
572 3618 690 3709 paullo
716 3625 792 3686 ante
817 3617 1064 3708 adiungebatur
1090 3615 1257 3685 bubuleos

141 3721 349 3820 Εὐρυτίων,
365 3723 599 3813 Latipoenus,
625 3740 695 3809 quo
712 3720 780 3788 late
800 3719 923 3788 diffusa
939 3722 1078 3789 vastatio
1095 3717 1256 3810 designa-

140 3838 226 3896 tur
256 3826 371 3896 Locus
385 3834 517 3910 autem,
542 3822 702 3892 ubihaec
718 3824 830 3892 omnia
843 3832 933 3912 sunt,
958 3817 1153 3917 Ερυθιια,
1179 3822 1255 3891 Ru-

139 3930 263 4015 bellia,
305 3929 541 3999 arubentibus
568 3926 731 4015 flammis,
770 3927 901 3998 dicitur.
961 3928 1070 3997 Porro
1096 3923 1257 3996 Echidna

140 4127 346 4148 ..n—fl

180 4256 210 4343 *)
233 4257 323 4410 illm
350 4253 561 4324 Germanicum
590 4255 677 4328 naria
704 4277 823 4320 nomen
839 4225 938 4340 achiff
959 4257 1058 4340 ipsum
1087 4266 1135 4320 est
1159 4258 1253 4318 Grae-

139 4367 207 4408 cum
269 4369 335 4424 ⁷⁶⁰9·
466 4365 470 4380 ·
