3080 5054
276 363 342 460 ass
503 359 563 422 nu
590 349 829 444 assensus
854 355 1161 442 utumursvs.

275 555 364 624 nnc,
388 538 426 603 ut
447 531 487 602 sit
509 531 625 602 sordes
647 531 823 602 senectutis
846 531 1037 625 deponere3
1071 531 1199 619 alteru,
1230 537 1270 602 ut
1295 541 1392 604 notet

274 659 398 730 purum
421 635 503 706 senii
530 645 631 726 atque
658 645 830 728 expertem
858 635 952 706 lieri:
983 636 1079 729 prior
1099 637 1161 705 illa
1190 635 1392 729 significatio

273 741 401 830 Satyris
426 737 539 832 potius
569 746 671 830 quum
697 737 895 832 tragoediae
923 741 1095 826 convenit,
1131 741 1236 808 altera
1266 749 1392 826 autem,

274 866 363 932 quae
382 845 494 934 gravis
516 851 621 911 estet
643 840 901 913 accommodata
920 843 1052 936 tragico
1074 841 1171 928 stilo,
1203 863 1273 910 non
1304 857 1392 933 qua-

274 947 352 1014 drat
376 945 602 1015 inhominem
626 968 748 1014 senem.
801 944 918 1030 Quum
943 955 1056 1014 autem
1078 968 1147 1013 uon
1168 943 1392 1016 dubitandum

273 1049 442 1136 videatur,
476 1050 558 1140 quin
586 1047 775 1140 Aeschylus
807 1049 994 1140 posteriore
1025 1049 1267 1142 significatione
1285 1051 1391 1118 verba

240 1237 243 1249 ¹
272 1151 333 1220 illa
357 1152 524 1244 posuerit,
558 1161 817 1221 consentaneum
840 1162 909 1238 est,
942 1161 981 1222 ut
1004 1175 1082 1220 eum
1104 1159 1195 1221 certe
1223 1174 1292 1220 non
1320 1151 1390 1221 hac

273 1255 405 1343 torma,
430 1253 661 1352 καθαίρομαι
669 1309 683 1345 ,
704 1255 824 1325 dixisse
843 1263 1033 1324 statuamus.
1066 1255 1154 1324 Nam
1171 1255 1251 1324 licet
1271 1279 1391 1347 gram-

156 1389 159 1398 *
273 1359 407 1446 malici,
432 1368 467 1427 et
487 1359 521 1426 in
541 1358 658 1450 primis
680 1356 889 1448 Hesychius,
920 1361 1026 1428 verba
1044 1358 1246 1448 scriptorum
1262 1359 1337 1427 iere
1354 1366 1391 1428 ut

274 1461 370 1554 apud
392 1483 449 1531 ecs
469 1461 594 1554 scripta
612 1461 840 1549 inveniebant,
865 1463 901 1530 in
919 1462 1176 1531 commentarios
1201 1483 1278 1530 suos
1298 1461 1392 1532 intus

272 1565 388 1650 ierint,
412 1575 525 1640 tamen
545 1587 656 1656 neque
677 1587 813 1656 semper
832 1565 871 1634 id
888 1567 1057 1651 fecerunt,
1084 1573 1117 1633 et
1136 1564 1307 1633 interdum
1321 1587 1391 1633 non

221 1726 225 1734 .
272 1679 363 1738 reete
378 1669 499 1739 facturi
519 1669 675 1754 fuissent,
706 1677 746 1736 ut
767 1667 837 1739 hoc
858 1659 934 1762 ipsc
957 1669 1037 1738 loco
1057 1667 1256 1758 Hesychius.
1308 1668 1392 1754 Qui,

272 1771 299 1838 si
314 1770 522 1862 Aeschylus,
547 1780 586 1840 nt
606 1771 769 1855 coniicio,
794 1771 1017 1867 καθαίρεται
1039 1772 1231 1861 scripserat,
1257 1781 1318 1856 aut
1335 1773 1391 1839 in-

269 1882 406 1966 tegrum
419 1883 543 1964 poetae
565 1875 681 1944 locum
698 1872 815 1961 debuit
831 1873 1043 1962 adscribere,
1069 1881 1146 1963 ant,
1172 1874 1199 1941 si
1217 1893 1391 1944 moresne

271 1976 427 2044 brevitati
446 1975 582 2044 studere
605 1976 728 2062 vellet,
764 1976 875 2066 prima
897 1997 1044 2067 persone
1062 1975 1130 2044 uti:
1175 1976 1272 2045 aliter
1299 1979 1391 2046 enirn

225 2081 374 2148 linemo
397 2100 466 2149 uon
496 2079 606 2176 γῆρας
634 2099 700 2170 pro
726 2077 932 2149 nominativo
954 2077 1134 2148 habuisset
1177 2079 1397 2151 ·1amsu1ne
1466 2172 1473 2176 ι

270 2183 339 2252 tale
361 2183 445 2275 quid
464 2183 634 2274 scripsisse
655 2189 813 2275 poetemt

424 2317 647 2418 καθαίρεται
673 2319 712 2395 δι’
735 2317 846 2418 γῆρας
867 2313 1073 2417 &rhombum
1099 2315 1223 2418 φύσις,
1247 2397 1250 2404 f

272 2455 464 2548 ethabebis
480 2458 667 2528 orationem
688 2457 915 2549 etAeschylc
936 2459 1184 2550 dignissimam,
1210 2466 1245 2527 et
1263 2479 1393 2530 consen

270 2562 505 2631 pientissiruam
527 2583 691 2654 personae
711 2561 868 2646 VeneriS,
892 2563 1078 2654 potentiam
1099 2585 1193 2630 suam
1210 2561 1391 2630 declaran-

270 2667 321 2734 tis.
373 2663 479 2750 Quod
499 2665 526 2732 si
540 2666 629 2749 talis,
656 2664 793 2754 qualem
811 2656 1030 2749 coniecimus,
1056 2665 1120 2732 fuit
1133 2663 1296 2754 Aeschyli
1311 2687 1394 2736 sene

270 2767 392 2852 tentia,
417 2766 501 2834 nihil
522 2765 681 2860 impedit,
707 2768 787 2856 quin
807 2791 883 2836 eam
897 2770 1008 2836 statim
1025 2767 1090 2857 illis
1111 2768 1276 2853 versibus,
1302 2787 1391 2855 quos:

270 2869 464 2940 Athenaeus
486 2869 611 2953 habet,
649 2872 835 2960 subiectam
862 2871 965 2939 luisse
983 2879 1156 2963 putemne,
1199 2871 1227 2937 si
1247 2871 1389 2958 quidem

272 2973 372 3042 etiam
391 2971 573 3063 Euripides
593 2967 686 3061 apud
701 2971 886 3038 Stcbaeum
899 2972 974 3039 Ecl.
990 2971 1089 3059 phys.
1105 2971 1132 3036 Ι.
1149 2970 1208 3036 10.
1230 2972 1265 3038 in
1280 2973 1389 3041 notis-

271 3077 361 3144 simis
382 3076 549 3160 versibns,
576 3074 695 3162 quibus
717 3073 814 3141 illum
835 3071 998 3162 Aeschyli
1019 3072 1136 3142 lucum
1155 3073 1302 3168 imitatus
1326 3083 1389 3159 est,

271 3180 427 3248 eamdem
452 3178 666 3266 sententiam,
712 3175 773 3246 sed
809 3198 905 3246 more
936 3198 997 3244 suo
1023 3175 1152 3244 tenuius
1183 3173 1390 3270 expressam,

271 3280 413 3350 addidit.
924 3281 928 3288 ’

343 3484 345 3490 ,
424 3415 515 3492 ὅθεν
541 3391 712 3515 βρότειον
745 3418 785 3515 ζῇ
808 3445 850 3494 τι
872 3416 933 3492 καὶ
953 3411 1083 3492 θάλλει
1105 3402 1215 3512 ya'cuc·

271 3555 415 3627 Grauius
444 3555 568 3623 Statius
593 3553 674 3622 Silv.
701 3553 728 3620 Ι.
747 3553 798 3641 2,
829 3553 914 3624 18³.
1114 3521 1117 3528 Ι

423 3683 487 3762 Sic
510 3707 631 3760 rerum
655 3691 781 3778 series,
807 3659 997 3784 mundique
1018 3692 1207 3762 revertitur
1223 3696 1334 3759 aetas.

724 4069 931 4086 m
