3080 5054
247 379 313 442 ιιι
583 373 639 434 ou
667 323 1035 434 conrosmrouu

249 567 354 638 quum
373 567 438 616 nec
458 545 505 613 de
526 547 640 637 primo
662 545 742 630 illo,
775 567 876 636 quem
898 553 1107 614 commentus
1127 553 1194 630 est,
1218 543 1363 612 Prome-

248 649 404 718 theores
425 657 516 718 certa
535 649 593 734 sit,
618 649 800 740 igniferum
824 657 937 716 autem
959 648 1017 716 alii
1036 648 1191 740 trilogiae
1210 646 1363 714 additum

249 752 350 822 ruisse
370 750 522 820 constet?
547 753 624 820 Non
647 755 791 836 cautius,
815 751 919 819 immo
935 753 1037 820 etiam
1054 752 1223 841 aliquanto
1244 750 1363 820 incon-

249 853 422 924 sideratius
446 854 533 924 iilud
552 854 701 946 scripsit,
735 855 875 946 Septem
899 853 945 922 ad
967 854 1108 924 Thebas
1133 853 1283 923 medium
1304 875 1366 922 cu-

249 957 392 1048 iuspiam
412 957 571 1050 triiogiae
596 959 712 1028 locum
733 957 894 1044 tenuisse,
934 958 968 1025 in
986 981 1055 1045 qua
1075 958 1140 1025 sint
1154 957 1213 1047 qui
1228 957 1367 1026 tertium

250 1061 366 1131 locum
394 1060 560 1154 Epigonis
591 1061 754 1132 tributum
782 1061 883 1128 fuism
918 1069 1062 1151 putent..
1105 1059 1226 1129 Verius
1266 1057 1366 1144 illud,

250 1162 313 1233 ‚ted
332 1185 400 1230 non
419 1165 496 1232 satir
519 1163 687 1254 explicate
713 1174 747 1232 et
770 1163 849 1232 isto
855 1165 934 1234 ioco
955 1174 989 1232 et
1009 1187 1045 1256 p
1068 1161 1130 1231 78.
1152 1161 1253 1248 dixit,
1278 1163 1367 1252 Psy-

250 1265 451 1338 ohostasiam
480 1277 613 1360 partem
645 1267 746 1338 druse
776 1266 968 1360 trilogiae
958 1289 994 1334 m
1018 1266 1141 1408 eodem
1166 1274 1368 1358 argumento

250 1369 417 1438 versantia.
1334 1411 1337 1422 ·

326 1517 594 1628 Quaerendum
615 1528 686 1591 erat
709 1521 849 1609 enim,
855 1543 897 1589 an
920 1521 1021 1591 'etiam
1048 1503 1131 1592 duas
1163 1515 1368 1618 tragoedias,

250 1611 340 1714 quae
369 1635 569 1716 argumento
595 1624 831 1716 cohaererent,
862 1615 1038 1716 iunxissem
1057 1631 1199 1730 poetae,
1233 1623 1368 1692 tertiam

252 1735 363 1797 autem
388 1725 594 1794 addidissent
613 1727 707 1794 nulia
730 1726 891 1797 cumillis
916 1711 1105 1820 argumenti
1128 1727 1369 1795 communitate

251 1845 381 1898 nexam.
433 1830 487 1898 Ac
509 1829 656 1918 potuisse
679 1829 715 1896 id
737 1851 794 1898 eos
812 1827 945 1916 facere,
978 1830 1051 1918 quis
1076 1829 1203 1921 neget?
1244 1827 1366 1898 Sed
1340 1851 1369 1897 ιι

251 1931 423 2016 fecerunt,
457 1929 623 1999 lubentius
655 1953 713 2001 eos
745 1942 779 1999 et
809 1931 939 2026 saepius
968 1931 1108 2001 credam
1128 1930 1311 2002 secundam
1334 1938 1370 2000 et

175 2120 179 2128 1
250 2033 385 2106 tertiam
399 2034 628 2125 tragoediam,
654 2056 756 2123 quam
770 2036 914 2125 primam
936 2043 968 2102 et
982 2035 1164 2132 secundam
1184 2023 1380 2105 cohaerere

251 2136 405 2205 voluisse.
457 2137 577 2206 Primis
594 2136 682 2206 euim
706 2138 836 2207 duabus
855 2138 1045 2230 tragoediis‘
1060 2139 1095 2206 iu
1118 2138 1242 2206 eodem
1263 2151 1371 2230 argu—

251 2249 367 2310 mento
391 2240 611 2324 versantibus,
649 2250 854 2331 spectatores
884 2241 985 2309 etiam
1010 2242 1142 2310 tertiam
1170 2240 1215 2310 de
1247 2240 1369 2310 eadem

252 2365 291 2414 re
318 2342 466 2410 futuram
500 2352 709 2435 exspectant:
751 2345 869 2433 quibus
893 2336 962 2413 non
985 2353 1099 2436 potest
1125 2353 1260 2438 gratum
1289 2367 1372 2430 esse,

253 2445 283 2514 ri
306 2445 381 2512 falli
409 2468 444 2515 re
466 2444 608 2513 videant.
638 2459 640 2464 '
666 2445 825 2516 Secunda
846 2469 928 2516 vero
954 2456 989 2516 et
1018 2447 1116 2516 tertia
1137 2445 1315 2540 tragoedia
1343 2447 1374 2515 si

254 2546 457 2636 cohaerent,
496 2571 565 2616 non
593 2549 776 2635 falluntur,
817 2551 905 2640 quia‘
923 2551 1051 2620 nullam
1078 2551 1222 2640 amplius
1249 2572 1373 2642 exspe-

256 2650 413 2722 ctandam
437 2650 554 2720 sciunt
614 2652 831 2742 Quamquam
854 2677 922 2721 non
944 2653 1193 2739 contenderim,
1226 2671 1291 2746 pro
1315 2676 1375 2720 ar-

255 2762 494 2872 gumentorum
513 2754 705 2825 conditione
720 2779 788 2823 non
807 2757 953 2849 potuisse
972 2756 1142 2825 interdum
1165 2758 1267 2826 etiam
1283 2755 1375 2824 iilud

256 2856 364 2948 aptius
386 2857 513 2940 videri,
551 2859 577 2924 si
602 2859 700 2926 tertia
723 2860 904 2978 tragoedia
932 2882 1054 2927 novam
1081 2881 1153 2934 rem
1173 2860 1207 2925 in
1229 2865 1376 2928 scenam

257 2957 404 3030 afferret.
462 2959 627 3028 Videntur
651 2968 781 3046 autem,
822 2961 883 3027 uisi
912 2960 1056 3047 quidem
1083 2959 1207 3028 indicia
1235 2961 1375 3047 fallunt,

256 3062 395 3132 inveniri
425 3065 580 3156 exempla
604 3062 771 3153 quaedam
792 3071 1071 3156 argumentorum
1099 3084 1163 3152 per
1190 3060 1273 3130 duas
1293 3073 1377 3132 tan-

256 3175 329 3234 tum
352 3165 484 3233 fabulas
513 3168 799 3237 continuatorum:
841 3165 1028 3235 cuiusmodi
1052 3176 1127 3234 sunt
1151 3186 1195 3233 ex
1215 3167 1376 3260 Aeschy-

257 3267 408 3442 lhqrsadqo
426 3269 642 3360 Promethei,
674 3290 716 3339 ac
736 3269 917 3364 Supplices
941 3278 975 3338 et
1000 3268 1181 3338 Danaides.
1232 3269 1305 3339 Sed
1327 3269 1375 3340 de

333 3393 432 3446 mm

234 3535 256 3598 ‘t
363 3485 635 3597 veniendamest
649 3525 738 3598 enim
754 3525 799 3593 ad
818 3483 1059 3596 traotmionem.
1098 3467 1376 3618 thuamquam,

261 3629 357 3720 quod
380 3628 531 3723 ringulae
550 3651 698 3698 seorsum
714 3629 913 3722 tragoediae
934 3627 1109 3696 habebant
1131 3637 1375 3720 argumentum,
1489 3617 1494 3628 ’

260 3733 308 3802 ita
325 3734 475 3802 debebat
493 3743 725 3822 comparatum
744 3757 831 3818 esse,
856 3742 894 3801 ut
908 3732 1008 3800 etiam
1030 3731 1142 3822 ipsum
1163 3754 1227 3823 per
1247 3753 1283 3800 se
1300 3733 1374 3799 aoi-

260 3859 335 3906 mos
358 3845 585 3929 spectatorum
604 3835 776 3904 retineret·
818 3846 949 3920 tamen,
987 3833 1047 3902 nisi
1073 3856 1151 3902 mea
1178 3857 1233 3904 me
1257 3833 1374 3904 o'onie-
1395 3839 1399 3846 '

262 3948 358 4008 ctum
373 3940 478 4024 fallit,
505 3938 604 4007 etiam
621 3927 713 4008 aliud
728 3937 812 4027 quid
827 3938 1074 4029 requirebatur,
1099 3946 1137 4004 ut
1151 3945 1219 4005 tres
1236 3945 1376 4029 tragoe-

262 4040 340 4108 diae
355 4064 427 4111 sese
449 4041 607 4134 deinceps
630 4042 832 4134 excipientes
853 4065 893 4110 ea
914 4062 993 4109 curn
1014 4039 1193 4108 attentione
1216 4063 1257 4110 ac
1276 4039 1374 4110 volu-

261 4151 356 4236 ptate
389 4146 533 4238 spectari
559 4153 715 4237 possent,
757 4143 812 4212 cui
841 4142 1043 4212 excitandae
1074 4163 1215 4234 operam
1246 4142 1374 4212 dedisse

263 4255 412 4340 poetas,
431 4248 627 4342 praeuertim
649 4248 711 4348 qui
729 4246 773 4316 de
794 4247 934 4317 victoria
958 4254 1205 4332 concertarent,
1231 4246 1374 4332 marimo

264 4359 523 4420 consentaneum
542 4360 600 4420 eat
651 4351 694 4420 ld
711 4359 844 4438 autem,
869 4372 897 4418 u
885 4348 994 4440 quid
1012 4347 1162 4454 video,
1151 4371 1188 4435 ur
1203 4371 1246 4420 eo
1266 4349 1373 4434 debe-,-
