3078 5026
198 283 217 334 ”
275 318 340 400 las
400 329 452 392 us
480 328 613 392 cuono
641 325 874 392 suasurum
901 301 1256 389 aasumensi

274 525 390 576 caussa
404 511 485 572 erat.
534 501 624 572 Nam
639 501 698 591 qni
713 501 748 570 in
760 503 871 593 prima
885 500 1023 569 fabulae
1044 499 1275 570 commissione
1295 497 1388 570 erci-

184 683 187 696 ,
273 617 361 676 tatus
384 616 454 674 erat
475 614 601 692 terror,
634 604 679 690 is,
713 605 741 673 si
770 605 886 674 fabula
905 604 1026 672 iterum
1046 605 1082 671 in
1101 625 1235 672 scenam
1253 602 1389 693 produ-

274 720 426 796 ceretur,
450 711 559 779 multo
579 709 689 778 minor
709 709 838 777 futurus
861 717 943 793 erat,
969 707 1164 792 scientibus,
1191 706 1273 795 quid
1287 707 1389 774 visuri

175 831 180 842 ‘
276 822 400 898 essent,
426 813 676 904 spectatoribus.
728 812 848 880 Solum
865 811 969 905 igitur
986 810 1154 898 reliquum
1176 818 1225 877 est
1245 809 1326 894 hoc,
1351 819 1389 876 ut

274 939 451 986 numerum
474 916 540 985 XV
560 915 738 983 Furiarum
762 915 824 982 ista
845 915 926 1006 lege
954 914 1183 1007 improbatum
1211 937 1282 982 esse
1307 935 1389 982 een-

275 1041 414 1094 seamus.
473 1018 516 1086 Id
541 1033 622 1086 vero
654 1018 728 1085 lieri
751 1019 863 1108 putuit
885 1019 931 1086 ob
952 1016 1043 1086 hauc
1069 1016 1252 1106 rationem,
1294 1015 1390 1106 qnod

274 1123 416 1215 impium
433 1121 620 1206 videretur,
645 1119 764 1188 Furias
778 1123 813 1190 in
824 1144 958 1191 scenam
977 1119 1124 1212 produci
1136 1120 1261 1210 plures,
1287 1141 1389 1208 quarn
1424 1173 1426 1180 .

273 1234 361 1312 tres,
395 1247 499 1316 quem
518 1245 692 1295 numerum
714 1225 899 1294 communis
921 1225 1044 1316 religio
1067 1224 1203 1292 coleret
1253 1223 1301 1292 Et
1326 1221 1390 1290 ad-

274 1329 411 1400 missum
441 1351 512 1398 esse
546 1329 591 1397 ab
618 1325 792 1417 Aeschylo
821 1329 857 1397 in
889 1328 1151 1413 Eumenidibus,
1198 1326 1293 1416 quod
1322 1347 1389 1416 pro

275 1441 394 1523 aperto
418 1432 556 1502 crimine
574 1429 727 1500 habitum
747 1432 806 1517 sit,
831 1430 966 1504 aliunde
988 1439 1129 1502 constat
1181 1431 1271 1498 Tam
1285 1429 1391 1520 plana

275 1546 325 1605 est
343 1543 454 1604 autem
470 1544 505 1604 et
517 1535 661 1626 simplex
677 1532 764 1605 haec
788 1535 983 1628 explicatio,
1008 1543 1045 1602 ut
1057 1533 1145 1604 nihil
1155 1535 1221 1602 iam
1236 1532 1391 1603 difficul-

274 1639 350 1708 tatis
372 1639 517 1726 relinqui
545 1637 708 1709 videatur.
767 1640 857 1708 Num
880 1637 940 1708 etsi
969 1639 1110 1722 Pollux,
1128 1648 1195 1714 nt
1211 1636 1390 1728 apparebit
1477 1639 1482 1648 '

272 1750 382 1810 totam
411 1741 480 1808 eius
511 1741 556 1810 de
583 1739 691 1811 choro
715 1743 848 1834 tragico
871 1742 1067 1810 relationem
1096 1731 1391 1826 considerantibus,

190 1916 193 1921 ,
274 1844 380 1914 sciens
400 1843 432 1912 L
452 1864 611 1934 personas
632 1844 830 1928 nominavit,
855 1853 969 1912 tamen
991 1867 1059 1912 non
1081 1844 1212 1914 videtur
1231 1841 1389 1911 dubitan-

274 1947 358 2015 dum
382 1968 471 2033 esse,
507 1947 588 2036 quin
606 1947 668 2014 ille
697 1948 920 2015 narrationem
948 1948 1045 2015 istam
1074 1955 1131 2015 aut
1152 1949 1221 2016 iam
1248 1948 1292 2013 ab
1319 1946 1391 2013 aliis

274 2059 469 2140 corruptam
492 2052 681 2141 acceperit,
707 2059 765 2119 aut
784 2051 858 2143 ipse
881 2051 1084 2143 corruperit,
1110 2051 1250 2124 fortasse
1269 2049 1391 2120 codice

275 2155 378 2223 etiam
396 2151 581 2243 depravatu
592 2145 683 2221 usus.
735 2154 855 2246 Neque
871 2155 975 2240 enim,
1002 2156 1062 2244 qui
1076 2155 1205 2246 primu's
1223 2155 1321 2222 huius
1340 2154 1392 2222 rei
1525 2167 1526 2248 J

220 2252 223 2256 ’
274 2267 393 2342 auctor
416 2257 498 2343 luit,
531 2255 624 2326 aliud
649 2256 781 2325 ridetur
801 2258 972 2344 retulisse,
993 2281 1113 2348 *quam
1139 2280 1242 2348 quum
1265 2257 1391 2326 chorus

273 2383 381 2451 usque
396 2360 441 2428 td
455 2360 683 2430 Eumenidum
705 2363 973 2432 commissionem
989 2363 1056 2431 XV
1078 2384 1237 2454 personas
1251 2361 1391 2429 habuis-

274 2475 344 2549 set,
368 2465 566 2555 improbatis
588 2473 639 2533 tut
661 2464 772 2534 Furiis
798 2475 932 2535 cantum
951 2489 1040 2552 esse,
1074 2469 1118 2534 be
1138 2465 1281 2556 posthac
1303 2465 1389 2533 iusto

275 2569 382 2658 maior
405 2567 581 2635 Furiarum
602 2589 758 2636 numerus
785 2569 819 2636 in
845 2592 979 2638 scenam
1001 2569 1239 2641 adduceretur.
1300 2567 1390 2636 Vera

273 2670 733 2760 ille,anfalsauarrare1it,
759 2673 893 2741 testium
919 2672 1035 2764 inopia
1061 2672 1235 2743 nescimus.
