3120 5030
209 338 253 402 22
294 335 353 396 DE
380 333 586 396 LEGIBVS
616 332 899 408 Qv1uvsuon1
927 330 1303 394 SVBTlLIORIBVS.

210 529 373 598 umquam
384 508 573 576 exstiturum
589 529 680 592 esse,
706 507 760 576 oui
774 504 819 574 de
838 528 881 574 eo
902 504 1124 574 dubitandum
1142 503 1328 574 videretur,

212 612 292 696 Quo
317 611 426 702 magis
446 609 582 677 miratus
607 633 697 695 sum,
733 631 838 698 quum
858 606 1118 694 Thiersohium,
1151 609 1186 676 in
1213 609 1330 699 prima*

209 715 360 799 illarum,
386 735 468 802 quas
486 714 618 803 posuit,
642 713 854 802 regularum,
878 711 1048 780 indicativi
1066 734 1162 780 urum
1178 711 1223 779 ad
1236 711 1326 780 solas

210 840 263 884 rea
282 816 481 909 praeteritas
498 815 567 882 vidi
580 816 791 906 restringere.
841 814 991 884 Difficile
1009 815 1167 908 profecto
1188 816 1241 898 sit,
1266 837 1327 883 ra-

208 919 335 987 tionem
358 915 414 987 rel
441 919 588 1008 aliquam
617 917 716 988 huius
739 917 789 986 rei
811 918 1012 1010 excogitare.
1070 917 1141 986 Sed
1168 918 1326 986 nimirum
1378 894 1381 904 ί

83 1097 86 1106 ,
210 1021 372 1113 exemplis
401 1021 461 1089 ille
481 1043 554 1088 rena
579 1022 747 1091 oonlioore
774 1021 889 1110 voluit,
950 1021 1104 1106 Quorum
1127 1031 1239 1108 'quum
1274 1033 1327 1088 sat

209 1125 316 1196 multa
348 1125 384 1192 in
409 1126 509 1192 rebus
540 1124 747 1214 praeteritio,
791 1147 902 1215 pauca
925 1135 1038 1192 autem
1062 1125 1097 1190 in
1123 1122 1241 1191 latmia
1268 1125 1325 1191 vel

208 1227 438 1318 praesentibus
454 1228 577 1294 versari
591 1227 737 1314 videret,
761 1228 849 1297 haec
870 1227 1071 1318 explicando
1087 1226 1141 1295 vel
1160 1225 1323 1303 mutando

208 1353 384 1399 removere
410 1329 544 1404 studuit.
596 1330 781 1399 Videamus
802 1351 893 1398 vero.
946 1329 1066 1420 Odysa.
1095 1355 1126 1401 σ.
1151 1327 1237 1396 272.
1260 1323 1325 1412 νιίξ

210 1428 245 1508 δ’
270 1434 396 1520 ἔσται,
424 1429 485 1524 ὅτε
514 1426 558 1528 δή
582 1427 751 1526 σταγεριίς
771 1427 885 1524 γσίμσς
909 1425 1139 1525 ἀντιβολήσει
1165 1427 1323 1524 οὐλομέ-

149 1585 165 1596 -
209 1561 276 1631 νῃσι
296 1535 439 1628 ἐμέθεν.
497 1537 612 1628 Negat
641 1535 859 1608 Thierschius
896 1557 931 1626 p.
962 1534 997 1602 λ.
1037 1535 1235 1626 particulam
1265 1534 1324 1604 hio

207 1637 433 1728 temporalem
464 1660 553 1723 esse,
592 1639 653 1706 sed
679 1641 824 1729 positam
851 1638 923 1706 vult
949 1660 1014 1731 pro
1045 1638 1185 1708 relativo
1217 1642 1256 1712 ἑν
1285 1635 1322 1733 ᾖ,

209 1740 304 1828 quod
325 1739 483 1828 equidem
499 1763 570 1814 uon
586 1741 688 1810 video
705 1740 879 1831 quomodo
908 1765 928 1808 a
944 1741 1126 1833 temporali
1151 1741 1324 1832 significa-

207 1845 303 1912 tione,
317 1843 484 1918 diuersum
497 1845 547 1912 sit.
598 1843 688 1928 Quin
708 1867 820 1929 nemo,
846 1844 984 1934 opinor,
1008 1845 1205 1936 reperietur,
1231 1846 1323 1933 quin,

209 1946 330 2036 siquis
351 1956 509 2035 quaerat,
534 1954 646 2016 utrum
668 1947 788 2016 rectius
813 1947 940 2014 dictum
960 1947 1019 2032 sit,
1045 1947 1133 2032 hoe,
1162 1969 1205 2014 an
1224 1943 1329 2032 illud,

183 2049 355 2125 ’λίσσεται
377 2044 477 2145 ἦμαρ
484 2103 498 2137 ,
527 2045 586 2120 ὅτ’
612 2047 659 2120 σίν
677 2045 766 2122 ποτ’
794 2043 907 2145 σ’λσίλῃ
924 2049 1035 2131 Ἴλιος
1051 2043 1135 2145 ἱρή,
1160 2051 1270 2141 magis
1288 2050 1323 2118 in

209 2151 440 2235 coniunctivo,
465 2173 567 2242 quam
580 2152 615 2220 in
629 2151 809 2222 indicativo
832 2151 979 2221 haereat
1029 2153 1138 2222 Porro
1164 2153 1258 2242 quod
1282 2175 1323 2221 ox

158 2299 162 2306 »
208 2251 336 2344 hymno
355 2254 524 2344 Apollinis
549 2253 723 2340 offert,''
701 2281 764 2328 στι
788 2254 948 2349 φαίδιμα
969 2248 1059 2338 τόξα
1083 2257 1261 2344 τιταίνει,
1287 2256 1331 2323 in

207 2379 276 2446 quo
297 2357 498 2447 particulam
520 2359 591 2428 vult
613 2359 796 2428 oaussalem
818 2381 907 2444 esse,
933 2359 1070 2482 primo,
1102 2359 1130 2426 si
1159 2360 1206 2428 ita
1227 2362 1360 2445 esset,

206 2462 365 2530 sententia
383 2471 469 2530 esset
501 2450 639 2543 eadem,
665 2484 707 2532 ao
729 2461 756 2529 si
776 2461 948 2530 diceres'
926 2488 986 2534 στι
1011 2453 1247 2556 τοξοφόρσς’
1228 2459 1320 2550 εστί,

206 2562 301 2652 quod
326 2573 360 2632 et
387 2564 531 2632 alienum
557 2564 681 2630 abillo
703 2563 783 2630 looo
801 2571 870 2652 eat,
913 2573 948 2631 et
963 2587 984 2630 a
1006 2566 1167 2632 sermonis
1189 2565 1324 2634 Home·-

117 2742 122 2754 ,
206 2665 268 2734 rici
289 2673 407 2734 natura
430 2662 608 2745 abhorret3
634 2664 790 2734 deinde
781 2686 854 2756 ipsa
872 2665 933 2747 illa
953 2667 1109 2734 caussalis
1123 2667 1323 2758 significatio

206 2767 321 2836 nititur
350 2768 547 2859 temporali,
589 2769 775 2861 cadatque,
811 2769 878 2836 nisi
899 2771 1094 2894 temporalis
1118 2771 1323 2856 admittatur,

174 2891 342 2964 'necesse
363 2879 421 2936 est.
473 2871 562 2938 Nam
577 2871 660 2959 quid
686 2871 780 2939 aliud
805 2882 872 2956 est,
896 2899 918 2966 η
907 2866 984 2967 δή
992 2873 1161 3000 λοίῃιιι”
1140 2869 1232 2968 epy',
1259 2871 1323 2946 ὅτε
1378 2954 1383 2962 ,

207 3000 236 3066 μ
242 2968 566 3102 ’ἐχβσδσπήσαι’
548 2969 690 3068 εφήσεις
707 2973 834 3070 Ἥρῃ,
860 2975 1000 3059 vel,'
961 3003 997 3046 τι
1021 2971 1064 3048 νιί
1093 2978 1321 3071 σερεζσυσιν,

180 3071 271 3148 Ιὅτ
303 3071 475 3172 ἀσπερχὲς
506 3077 726 3170 μενεαίνεις,
762 3099 884 3166 quam,
915 3079 1052 3146 ιιιιιίιιιιι
1071 3077 1219 3170 sactum
1244 3078 1321 3164 orit,
1391 3135 1393 3140 ,

207 3199 314 3270 quum
332 3186 371 3247 tu
389 3192 446 3247 m'e
468 3201 577 3272 coges
593 3181 783 3266 altercari,
809 3182 865 3249 vel
888 3182 974 3272 quid
988 3177 1153 3274 sociant,
1179 3181 1322 3272 quando

206 3289 246 3350 tu
266 3281 318 3350 εἰσ
340 3281 438 3350 irato
457 3277 521 3352 es?
557 3283 784 3408 Luculentum
803 3286 1028 3410 exemplum
1017 3307 1054 3352 m
1073 3283 1127 3352 his
1153 3295 1219 3368 est,
1253 3283 1321 3353 0d.

207 3412 235 3458 ε
257 3379 400 3454 356.ν
371 3412 398 3456 σι
422 3411 490 3479 μοι
513 3379 599 3478 oroi,
624 3380 678 3480 μή
704 3414 761 3468 τις
787 3413 855 3480 μοι
881 3387 1078 3512 ὑφαίνῃσιν
1102 3379 1209 3460 δόλον
1234 3381 1323 3459 αὖτε

207 3481 473 3574 ἅθανσίτίεν,
450 3514 513 3561 στι
529 3513 577 3582 με
592 3488 730 3586 σχεδίης
750 3485 980 3584 α’πσβήιιιι’
956 3482 1096 3584 ανείγει
1148 3488 1220 3558 Sed
1240 3512 1323 3558 cave

166 3617 175 3634 ·
206 3589 278 3660 huo
299 3591 412 3661 trahas
435 3589 533 3684 Iliad.
560 3618 596 3665 π.
621 3589 683 3662 52.
706 3585 797 3688 α’λλσί
823 3587 904 3668 τόδ
929 3586 1033 3665 αἱνσι
1058 3592 1144 3712 εἶχες
1173 3591 1322 3689 ιιραδίῃν

207 3692 268 3765 ιιαί
290 3687 444 3788 διιμσιι
430 3687 564 3775 ιιιίιιει,
592 3688 732 3770 ὁππότε
748 3679 793 3792 δή
813 3689 881 3770 ado
902 3722 1032 3788 εμοισν
1046 3689 1138 3790 α’νήρ
1155 3697 1322 3789 ἐθέλῃσιν

208 3791 389 3919 είμέῃσαι,
422 3825 480 3868 ιιαι
473 3796 685 3892 11μείραεειῃι
709 3794 1000 3892 σι’φελεσδαι,”
977 3825 1040 3872 στε
1067 3792 1197 3892 κρείτεϊ
1224 3822 1321 3892 προ·
1402 3839 1405 3844 -

207 3893 365 3994 βεβήκει.
416 3900 504 3972 Nom
532 3923 644 3992 neque
670 3898 733 3974 ὅτε
762 3901 928 3991 particula
957 3911 1082 3986 eat‚s
1066 3898 1128 3970 sed
1150 3901 1350 3988 antiquum*

119 4047 123 4060 .
206 4022 396 4091 pronomen
424 4023 490 4094 pro
512 4001 609 4092 dore,
651 4012 685 4073 et
706 4004 802 4072 verbi
823 4012 973 4092 tempus,
1018 4003 1194 4072 manifesto
1222 4003 1323 4072 vitio-

208 4126 301 4188 smn,
342 4105 505 4195 optimam
527 4106 709 4176 lectionem
741 4101 948 4202 προβεβήκῃ
979 4106 1131 4176 revocari
1162 4105 1321 4196 postulat

207 4206 256 4275 Vt
282 4207 422 4276 redeam
442 4208 487 4276 ad
510 4208 675 4299 hynmum
699 4209 815 4295 illum,
853 4232 953 4278 nemo
984 4210 1139 4301 negabit,
1178 4207 1323 4304 τιταίνῃ

208 4311 309 4383 scribi
332 4305 499 4404 potuisse,
538 4313 644 4386 modo
678 4337 721 4386 no
746 4314 820 4404 quis
840 4311 1065 4388 'indicativum
1104 4312 1226 4386 falsum
1255 4335 1325 4383 eoae
