3080 5054
276 357 340 422 240
448 351 634 416 ontulo
663 354 711 416 IN
740 353 986 420 l'lilDElilCl
1012 356 1224 422 Avcvsnl

275 491 374 622 plura
384 539 479 614 suut,
504 552 592 620 quae
609 530 674 598 hos
691 527 736 598 ad
748 528 898 618 quamvis
914 529 1014 600 aliem
1031 532 1154 622 potius,
1179 537 1282 621 quam
1297 527 1392 607 liano
1519 539 1520 602 l

275 633 414 702 laudem
430 633 898 726 concupiscenduminvitent.
949 634 1277 706 Considerateeuim
1297 631 1391 702 hanc

276 759 412 806 omnem
424 737 589 828 regnandi
605 737 865 828 imperandique
886 737 1067 824 rationem,
1092 761 1196 828 quum
1216 735 1389 806 eubodio

251 894 254 908 ,
275 840 416 924 uitalia,
442 852 552 930 atque
574 841 717 930 antiquis
739 840 946 931 temporibus
975 841 1047 910 fult.
1107 843 1206 910 Tunc
1225 841 1333 910 robur
1352 851 1388 910 et

273 943 436 1012 fortitudo
450 943 598 1016 faciebat
609 967 727 1035 reges,
752 965 899 1031 quorum
912 944 1064 1012 officium
1077 945 1112 1012 in
1137 967 1179 1013 eo
1199 953 1271 1012 erut
1291 945 1401 1034 posi-

274 1055 364 1130 tum,
390 1056 428 1114 ut
448 1047 551 1116 duces
565 1047 648 1115 belli
670 1056 793 1131 essent,
820 1048 1026 1136 caeterisque
1045 1048 1241 1138 exemplum
1261 1046 1387 1114 virtutis

272 1148 448 1240 praeirent.
501 1150 682 1218 Fortitudo
708 1173 814 1239 quum
838 1159 872 1218 et
901 1151 1131 1219 auctoritatem
1155 1161 1190 1220 et
1212 1171 1296 1241 opes
1319 1173 1385 1241 pe-

270 1253 425 1346 perisset,
451 1252 530 1320 iuris
544 1253 683 1322 dicundi
695 1263 731 1325 ‚et
746 1253 1074 1346 tributa³imperuudi
1095 1262 1247 1346 potestas
1267 1271 1385 1323 acces·
1519 1251 1520 1254 '

271 1357 342 1424 sit..
374 1357 687 1448 Hincnniregum,
715 1356 805 1428 victu
824 1357 967 1426 lautiore
990 1358 1055 1442 usi,
1081 1368 1181 1448 atque
1204 1355 1384 1447 apueritia

270 1459 370 1528 armis
383 1460 563 1532 tractandis
580 1461 725 1547 adsueti,
752 1461 854 1530 faede
867 1461 933 1552 ipsi
948 1484 1102 1551 qnoque,
1128 1471 1165 1530 ut
1180 1469 1295 1551 patres
1320 1480 1381 1526 eo-

269 1585 361 1650 rum,
396 1586 501 1652 quum
517 1565 674 1654 corporis
697 1563 821 1631 viribus
844 1586 885 1633 ac
904 1564 1119 1652 fortitudine,
1148 1572 1222 1632 tum
1245 1562 1381 1630 omniuo

267 1665 396 1733 maiore
408 1666 563 1757 'quodam
578 1667 671 1736 cultu
690 1688 791 1758 supra
811 1668 934 1760 vulgus
956 1668 1154 1737 eminebant.
1205 1667 1257 1736 lta
1278 1665 1393 1734 here,
1420 1675 1430 1686 '

267 1767 387 1836 dibrin
399 1770 491 1838 lacta
506 1770 651 1868 dignitas
671 1771 784 1860 regia,
808 1772 985 1860 quamdiu·
997 1772 1162 1840 fortitudo
1183 1770 1294 1862 prima
1313 1769 1382 1836 vir-

265 1872 600 1957 tutumbabebatur,
626 1874 784 1942 tuebatur
796 1884 888 1942 certe
903 1897 1028 1966 tegrin,
1050 1885 1107 1963 «ut,
1133 1875 1246 1942 sinon
1265 1896 1286 1939 a
1304 1895 1379 1940 rna·-

264 1963 390 2040 ioribus
410 1985 552 2066 acceptu
564 1977 719 2063 luissent,
742 1985 837 2045 reete
849 1987 963 2046 tamen
977 1979 1079 2045 tribui
1095 1977 1158 2064 his,
1184 1979 1301 2066 quiea
1314 1975 1380 2042 ha-

264 2078 408 2164 bebaut,
421 2079 581 2168 'potuisse
594 2078 796 2146 viderentur.
834 2079 990 2150 vMutatio
1008 2103 1089 2149 vero
1105 2081 1283 2171 paullatim
1301 2099 1377 2146 mo-

235 2180 373 2266 ¹ribus,
405 2205 513 2270 quum
543 2183 645 2250 animi
669 2183 1127 2276 intelligentiaezingeniique
1155 2183 1390 2274 praestantiae-

264 2285 381 2369 mnior‚
407 2297 509 2373 quam
527 2309 687 2354 manuum
700 2288 832 2356 roboris
848 2286 958 2356 bonos
973 2312 1045 2357 esse
1060 2290 1237 2378 coepisset,
1263 2285 1378 2356 erudi-

262 2389 379 2476 tioque
401 2391 436 2456 in
460 2411 595 2457 onmem
615 2391 787 2484 populum
803 2390 1078 2477 diffunderetur,
1105 2389 1249 2460 emolliri
1268 2389 1393 2478 magis·

262 2493 439 2582 magisque
454 2501 556 2580 atqua
570 2495 721 2560 enervari
735 2517 845 2584 rogeo,
871 2496 1020 2585 populns
1035 2504 1148 2564 autem
1164 2491 1389 2566 corroborari·
1519 2497 1520 2548 1

262 2602 296 2660 et
310 2595 444 2664 altiores
459 2598 592 2686 spiritus
606 2619 749 2683 sumere,
771 2597 1027 2687 discrimenque,
1053 2599 1148 2687 quod
1163 2600 1250 2666 iuter
1263 2605 1376 2664 utros-

261 2719 327 2785 que
351 2697 480 2784 fuerat,
501 2700 630 2768 remim
644 2699 777 2787 deleri,
803 2723 845 2770 ac
866 2711 1041 2792 postremo
1066 2719 1320 2789 nonnumquam
1340 2698 1381 2764 in·

260 2803 463 2870 contrarium
478 2805 577 2871 uerti.
629 2803 847 2888 Accedebat,
880 2805 977 2893 quod
1001 2823 1088 2893 quae
1111 2802 1375 2894 simplicissimae

233 2903 493 2984 &eliminarunt
507 2927 619 2973 rerum
644 2915 678 2970 et
685 2927 693 2936 ··
700 2906 915 2992 publicorum
933 2908 1192 2995 sat-privatarum
1211 2906 1375 2986 rationes,

260 3006 369 3098 magis
386 3010 564 3098 magisque
579 3006 745 3096 implicari
765 3019 799 3072 et
812 3009 958 3074 intricari
977 3017 1120 3097 coeptae
1135 3016 1227 3091 snut,
1253 3006 1376 3074 utiam
1443 3073 1451 3080 ,

259 3132 328 3178 non
341 3112 386 3179 ab
399 3128 491 3196 ono,
517 3112 577 3180 sed
593 3136 613 3178 a
627 3109 757 3193 multis,
775 3131 854 3176 ¹:non
870 3132 972 3179 manu
987 3110 1198 3200 imperantis,
1223 3099 1286 3178 sed
1307 3131 1375 3198 per

258 3212 371 3298 alios,¹
386 3237 454 3282 non
467 3236 550 3300 ore,
577 3213 642 3282 sed·
658 3214 785 3304 scripto
809 3223 1061 3304 peragerentur.
1112 3212 1382 3302 Vnderegibus·

255 3315 395 3384 iubendi
416 3319 670 3408 praerogativo,
702 3340 815 3384 rerum
843 3319 999 3387 «onmium
1021 3317 1202 3401 facillima,
1229 3317 1373 3385 ,mansitr

257 3443 344 3508 quo,
370 3421 489 3510 quibus
507 3421 702 3510 generosior
713 3420 846 3513 indoles
869 3433 936 3505 est,
962 3423 1094 3514 gloriae
1117 3419 1300 3509 cupiditate
1319 3417 1371 3484 in-

258 3525 367 3606 censi,
394 3523 525 3591 ferend
546 3524 637 3591 bella
653 3523 805 3614 gerenda
829 3533 982 3612 utuntur,
1017 3524 1218 3593 utviotoriis
1242 3522 1371 3590 scilicet

257 3626 389 3694 nobiles
405 3638 462 3694 aut
481 3628 580 3718 regni
603 3627 724 3693 linibus
745 3628 926 3715 promotis,
951 3627 1140 3696 immortale
1167 3627 1373 3702 sibinnornen
1420 3657 1424 3668 ¹

257 3729 398 3819 pariant.
452 3731 550 3814 Quae
570 3729 644 3819 ipsa
660 3730 822 3797 facilliriru
839 3729 947 3798 hodie
965 3731 1011 3798 ad
1026 3728 1284 3822 adipiscendum
1299 3729 1373 3798 laus

259 3841 324 3916 est,
358 3834 385 3899 si
405 3833 542 3923 quidem
565 3833 659 3921 quod
679 3855 738 3900 rex
767 3834 877 3920 iussit,
918 3834 976 3907 alii
1000 3843 1113 3902 autem
1139 3842 1370 3922 exsequuntur,

259 3933 407 4003 adulatio
433 3937 497 4026 ipsi
518 3936 677 4005 adscribit
693 3936 786 4025 regi,
811 3936 1004 4024 ducemque
1027 3946 1063 4014 et
1078 3939 1317 4027 imperatorem
1339 3944 1373 4004 et

258 4033 401 4103 heroem
413 4047 533 4122 vocat,
561 4041 663 4107 etiam
678 4039 736 4126 qui
757 4059 928 4128 nunquam
950 4040 989 4106 in'
1004 4041 1077 4109 acie
1104 4041 1206 4110 fuerit
1226 4063 1376 4130 conspe,

260 4147 340 4210 ctus.
372 4137 469 4212 Haec
481 4141 706 4232 belligerandi
721 4141 899 4232 eupiditaS,
910 4143 1007 4218 ,mire
1019 4144 1078 4210 illa
1089 4145 1209 4211 sollers
1225 4145 1259 4211 in
1273 4165 1372 4210 caus-

260 4244 301 4310 sis
332 4240 515 4312 bellorum'
539 4245 788 4335 excogitandis,
817 4245 1100 4336 ¹inimicorumque
1131 4246 1372 4336 turpitudinem

261 4344 439 4434 praetentis
461 4343 610 4414 honestis
626 4347 831 4436 quibusdum
853 4345 1041 4418 nonoribus
1066 4349 1198 4420 callide
1218 4349 1377 4418 dissime
