3078 5026
172 353 196 438 j
255 357 300 418 oo
579 353 650 414 on
706 353 1043 416 assensor

256 528 445 596 inventione
460 523 609 594 fabulae.
660 525 793 594 Etenim
808 528 836 595 si
849 528 950 617 aequi
968 527 1124 596 volumus
1137 525 1266 596 indices
1283 547 1365 613 aare,

256 652 343 716 non,
380 628 488 720 qualis
516 650 558 697 ex
586 629 712 720 regulis
735 630 812 697 artis
836 632 927 698 bona
948 630 1017 700 dici
1045 629 1223 722 tragoedia
1249 629 1366 720 possit,

256 753 472 825 quaeremus,
505 731 565 799 sed
587 734 721 819 qualem
743 731 962 803 Athenienses
980 733 1046 802 illis
1069 734 1275 824 temporibus
1295 743 1365 800 tra-

256 835 418 929 goediam
437 834 631 925 probarint,
657 835 853 903 videbimus.
904 836 970 905 Ars
990 837 1077 905 enim
1091 837 1185 929 prior
1199 844 1248 903 est
1259 857 1366 928 regn-

255 941 311 1008 lis:
335 961 423 1030 quae
436 958 502 1005 nou
517 946 593 1006 ante
608 938 813 1025 conduntur,
839 962 958 1028 quam,
983 939 1087 1007 multa
1099 937 1279 1025 tentando,
1303 961 1365 1008 re-

255 1065 331 1112 rum
346 1065 387 1111 ex
400 1040 486 1109 vitiis
507 1041 672 1132 apparuit.
725 1041 939 1132 Quamquam
950 1042 1058 1110 initia-
1068 1042 1145 1110 artis
1159 1041 1289 1132 duplex
1299 1038 1367 1109 ha-

255 1147 338 1215 bent
352 1142 590 1230 commodum,
616 1166 738 1236 unum,
763 1144 874 1234 quod,
899 1147 1027 1238 regulis
1042 1145 1192 1213 nondum
1212 1144 1363 1229 inventis,

256 1270 325 1318 nou
352 1247 547 1340 regularum
577 1249 794 1339 perversitate
820 1258 966 1317 erratur:
1017 1257 1065 1317 est
1094 1257 1206 1318 autem
1233 1245 1304 1317 hoc
1330 1247 1366 1314 ia

254 1350 372 1443 primis
398 1352 574 1441 proprium
591 1351 807 1442 regularum,
830 1361 869 1421 ut
889 1374 954 1445 per
974 1373 1104 1422 errores
1124 1350 1170 1419 ad
1192 1351 1366 1419 veritatem

256 1454 396 1534 ducant;
433 1453 592 1539 alterum,
628 1450 722 1544 quod
758 1463 870 1524 sensus
902 1455 1098 1540 hominum,
1137 1454 1228 1524 cirea
1262 1475 1368 1545 prae-

257 1557 359 1650 cipua
372 1566 571 1646 occupatus,
597 1580 685 1646 quae
701 1557 747 1625 ob
768 1558 932 1648 idipsum
953 1559 1054 1628 otiam
1068 1548 1148 1626 vera
1163 1565 1253 1641 sant,
1278 1577 1366 1636 non-‚-

257 1661 341 1728 dum
362 1657 475 1728 multis
496 1661 685 1750 patentibus
702 1661 782 1746 riis,
813 1663 1017 1752 plerumque
1042 1662 1181 1730 brevem
1207 1661 1366 1749 aliquam,

230 1772 369 1852 deoque
392 1784 460 1830 non
479 1764 584 1854 longe
605 1765 649 1832 ab
672 1773 765 1833 recta
785 1763 952 1850 dissitam,
975 1763 1170 1857 ingreditur.
1220 1763 1273 1830 lta
1294 1763 1363 1832 Ae-

254 1865 365 1954 schyli
392 1886 495 1952 aevo,
534 1867 685 1935 nondum
716 1867 793 1934 satis
825 1869 991 1959 explicata
1016 1876 1134 1935 natura
1157 1865 1367 1958 tragoediae,

253 1969 300 2038 ita
323 1967 478 2036 ridentur
503 1970 703 2037 existimasse
727 1968 965 2056 Athenienses,
991 1969 1152 2040 contineri
1176 1969 1246 2038 hoc
1260 1991 1367 2061 genus

252 2072 419 2164 poematis
443 2071 687 2140 introducenda
711 2073 843 2140 actione
868 2074 982 2165 gravi,
1012 2096 1101 2164 qnae
1135 2094 1177 2141 ex
1209 2082 1302 2141 metu
1331 2077 1368 2139 et

253 2175 461 2244 miseratione
487 2184 521 2244 et
547 2175 648 2243 animi
671 2177 905 2266 magnitudine
941 2177 1180 2245 sublimitatem
1212 2175 1366 2258 haberet,

112 2365 120 2370 μ
253 2278 473 2367 distinctaque
498 2287 583 2346 esset
606 2279 641 2345 in
664 2288 777 2369 partes
803 2279 984 2368 quasdam,
1025 2302 1168 2370 quarum
1191 2280 1226 2347 in
1250 2279 1368 2367 singu-

252 2383 292 2453 lis
317 2403 406 2450 nora
427 2404 572 2472 persona
596 2381 857 2473 produceretur:
883 2407 986 2473 quam
1009 2384 1173 2452 rationem
1198 2381 1300 2452 docte
1325 2399 1368 2447 er

253 2484 416 2575 Aeschyli
435 2485 558 2554 sabulis
578 2485 770 2576 explanarit
789 2485 994 2568 Heerenius3
1019 2487 1164 2576 denique
1178 2507 1265 2574 quae
1280 2481 1367 2553 cho-

253 2611 331 2657 rum
345 2586 507 2672 haberet,
532 2610 637 2676 quum
657 2588 703 2654 ad
721 2611 811 2674 rem,
838 2613 926 2678 quae
939 2599 1113 2680 ageretur,
1141 2586 1366 2655 adiuvandam

254 2691 431 2774 idoneum,
456 2699 529 2757 tum
547 2713 646 2779 uero,
672 2690 776 2780 idque
794 2692 995 2782 praecipue,
1021 2691 1168 2758 sensibus
1189 2688 1366 2756 declaran-

256 2793 307 2860 dis
326 2791 574 2880 inservientem,
600 2816 685 2882 quos
704 2794 839 2862 excitari
860 2795 1136 2883 inspectatorum
1151 2790 1266 2860 animis
1281 2812 1367 2858 con-

254 2901 447 2966 sentaneum
466 2905 560 2964 esset.
613 2896 774 2980 Caetera,
804 2920 895 2985 qnae
918 2896 1077 2984 deinceps
1100 2895 1251 2963 subtilior
1270 2893 1364 2960 inve·

254 2998 389 3089 stigatio
411 3000 558 3088 aperuit,
588 3022 651 3070 nec
668 2999 943 3069 desiderabantur
962 2999 1138 3088 neglecta,
1171 3019 1282 3087 neque
1300 2996 1367 3063 ob-

253 3110 383 3170 servata
403 3102 438 3169 in
458 3101 561 3172 laude
575 3104 797 3193 ponebantur.
848 3101 967 3189 ltaque
986 3123 1055 3168 non
1076 3110 1126 3169 est
1146 3101 1240 3189 quod
1262 3100 1366 3168 mire÷

253 3225 348 3289 mur,
380 3206 546 3274 siPersae
567 3204 746 3294 Aeschyli,
772 3226 860 3292 quae
884 3203 1019 3289 fabula,
1051 3213 1089 3272 ut
1109 3206 1190 3273 scite
1212 3205 1367 3272 observat

252 3306 442 3392 lacobsius,
468 3330 536 3376 non
561 3308 725 3376 dissimilis
742 3317 791 3375 est
802 3307 853 3372 illi
873 3309 1007 3398 generi,
1033 3307 1126 3396 quod
1148 3310 1190 3374 ab
1211 3305 1367 3374 nostrati-

254 3413 318 3480 bus
333 3419 476 3480 cantate
491 3411 693 3502 appellatur,
715 3409 911 3497 aequalibus
940 3419 1065 3501 poetae
1088 3432 1204 3476 omnes
1225 3418 1367 3498 tragoe-

196 3555 206 3575 κ
255 3513 333 3583 diae
357 3517 428 3584 visa
449 3526 499 3583 est
518 3535 673 3582 numeros
697 3511 850 3602 implere.
899 3511 939 3579 ln
959 3535 1028 3600 qua
1053 3513 1079 3580 si
1102 3512 1367 3603 implicationem

253 3616 324 3686 hoc
344 3619 477 3686 nomine
501 3619 657 3710 dignam,
691 3616 719 3684 si
737 3615 974 3684 enodationem
989 3617 1183 3687 (becuminis
1197 3615 1365 3698 idoneam,

254 3723 284 3788 si
310 3743 489 3812 personam
514 3721 727 3811 primariam,
767 3743 854 3810 quae
881 3721 1029 3788 animum
1063 3720 1202 3789 adversa
1233 3719 1368 3785 fortuna

253 3823 415 3893 maiorem
427 3833 606 3908 monstret,
633 3825 798 3912 requiras,
823 3823 909 3890 nihil
929 3847 1068 3913 usquam
1083 3823 1245 3913 reperias,
1271 3818 1367 3908 quod

254 3927 332 3994 satis
355 3928 469 3997 facere
487 3927 648 3996 uideatur.
699 3926 774 3993 Nec
798 3934 910 3993 tamen
932 3929 1083 4016 perlecta
1100 3925 1216 3992 fabula
1240 3923 1384 3990 diffisa-⁴

248 4027 358 4115 beris,
384 4041 516 4100 motum
537 4029 636 4098 animi
651 4027 685 4094 in
705 4028 844 4111 lectore,
873 4027 1013 4116 nequid
1035 4027 1079 4095 de
1099 4035 1287 4119 spectatore
1312 4025 1367 4092 di-

255 4147 348 4217 mm,
382 4154 555 4202 remanere
575 4131 751 4216 eumdem,
784 4152 824 4199 ac
847 4131 873 4196 si
892 4132 1020 4222 optime
1038 4130 1101 4198 ista
1123 4131 1237 4199 omnia
1257 4128 1368 4196 habe-

249 4240 337 4305 rent.
387 4235 430 4304 ld
451 4237 562 4329 ipsum
580 4245 693 4304 antem
710 4234 848 4304 uolebat
868 4243 989 4325 poeta:
1014 4235 1108 4324 qnod
1123 4235 1182 4303 ille
1201 4236 1229 4301 si
1248 4253 1368 4302 conse-
1397 4261 1402 4274 κ

118 4425 120 4428 ¹
254 4346 377 4430 quutus
404 4347 469 4427 cst,
503 4336 622 4429 quidni
646 4346 739 4408 tanto
767 4339 876 4432 magis
901 4337 1105 4410 admiremur
1126 4338 1277 4406 divinum
1299 4335 1369 4406 eius
