3080 5054
313 319 473 430 vvrisors
501 353 800 430 sorrnntevs
829 362 1135 431 sumsero-vs.
1207 367 1285 431 aar

167 540 329 633 adipisci,
364 539 551 628 maluitque
572 539 629 607 vel
650 537 857 630 reprehendi
881 561 902 606 a
929 535 1148 626 quibusdam,
1189 535 1284 626 quod

167 645 265 718 nimis
302 652 403 713 tenax
442 652 593 724 veterum
624 642 846 729 institutorum
879 651 972 712 esset.
1031 640 1167 708 Etenim
1205 639 1313 710 mu-'

167 757 241 817 tare
267 747 350 838 quid
377 747 578 824 facillimum
608 754 675 826 est;
723 742 961 815 diliioillimum
986 764 1088 829 vero,
1125 744 1285 831 qnoniam

158 851 256 942 nihil
276 851 327 918 ‘in
375 850 509 920 civitate
538 871 694 926 ,seorsum
727 858 872 937 constat,
906 847 966 918 sed
992 847 1105 914 omnia
1130 846 1284 914 omnibus

170 953 356 1026 cohaerent
389 945 423 1020 et
456 953 560 1025 ueluti
590 953 751 1023 'concreta
777 961 868 1037 sort,
892 951 1111 1033 itamutare,
1143 959 1181 1018 ut
1204 941 1285 1038 'quis

159 1059 246 1150 ‚plus
288 1057 454 1148 corrigat,
493 1078 595 1145 quam
628 1065 854 1147 corrumpat;x
881 1055 959 1147 plus
993 1052 1134 1142 condat,
1181 1073 1285 1142 quam

168 1169 307 1230 evertat.
372 1159 479 1245 >Quod
512 1159 577 1228 llle
607 1161 719 1251 probe
759 1158 970 1251 intelligens,
1018 1156 1118 1247 periti
1156 1153 1332 1224 medicilu

77 1280 80 1298 ¹
162 1265 284 1349 ‚instar,
328 1284 397 1334 uon
430 1262 560 1331 urendo
591 1272 626 1331 et
648 1261 795 1333 secando
820 1262 921 1331 etiam
957 1260 1087 1328 sirrcera
1137 1257 1284 1348 laedere,

167 1367 230 1436 scd
276 1366 367 1434 lente
413 1366 659 1458 paullatimque
706 1364 901 1450 adhibenda
950 1362 1103 1446 medela,
1143 1362 1283 1445 certius,
1413 1401 1415 1405 -

158 1491 271 1559 ,quam
312 1469 470 1552 celarium
513 1469 548 1537 in
585 1470 757 1540 universae
791 1468 932 1537 civitatis
960 1467 1155 1550 utilitatem,
1181 1487 1284 1554 quam

159 1575 204 1659 ,in
217 1572 365 1663 partium
388 1572 470 1640 alius
485 1573 720 1658 commodum,
747 1573 831 1640 alius
849 1571 1102 1649 detrimentum3
1127 1568 1283 1636 inomno

158 1699 306 1760 aevum,
332 1698 433 1764 quam
454 1675 489 1744 in
508 1675 638 1764 aliquot
658 1698 761 1746 annos
774 1699 944 1744 mensesve
970 1673 1133 1764 prodesse
1154 1671 1283 1743 maluit.

167 1777 241 1848 Sed
266 1777 348 1867 quid
377 1777 465 1852 haec
493 1802 663 1866 memoro,
704 1777 900 1861 auditores?
939 1777 1075 1846 Maiora
1105 1774 1284 1862 habemur,

109 1965 113 1972 ι
167 1881 344 1971 multoque
357 1882 556 1968 illustriora,
581 1906 668 1974 quae
691 1883 755 1953 llle
772 1883 867 1951 dedit
889 1903 970 1950 suae
995 1880 1096 1948 animi
1113 1877 1285 1969 magnitu-

169 1985 255 2052 dinis
284 1985 496 2056 documenta.
549 1987 670 2057 Nonne
690 1986 759 2054 Hic
782 1996 859 2054 ante
879 1984 945 2062 bos
965 1997 1096 2074 septem
1112 1995 1146 2050 et
1167 1979 1286 2071 viginti

55 2165 64 2178 ο
168 2110 273 2156 annos
292 2111 436 2180 regnum
449 2087 631 2172 Poloniae,
657 2088 746 2154 ultro
767 2089 838 2177 lpsi
863 2089 1029 2170 oblatum,
1064 2081 1286 2154 detrectavit?

167 2191 307 2276 Nonne,
334 2213 438 2280 quum
456 2191 607 2280 certatim
621 2191 793 2280 principes
808 2187 1011 2260 Germaniae
1027 2186 1208 2256 Gallorum
1231 2193 1286 2272 ty-

134 2379 135 2386 ,
167 2294 262 2362 ranni
282 2295 436 2365 favorem
458 2303 492 2361 et
513 2293 727 2362 elementiam
753 2292 935 2375 ambirent,
966 2289 1089 2378 aliique
1113 2289 1194 2356 alias
1221 2285 1286 2362 sibi

166 2397 357 2488 provincias
376 2396 450 2464 dari
472 2395 675 2488 gauderent,
701 2394 953 2486 propemodum
979 2393 1121 2460 soluset
1137 2391 1286 2482 dignita·

167 2510 238 2568 tem
252 2524 344 2569 suam
361 2499 586 2588 conservavit,
614 2509 648 2568 et
662 2497 825 2569 ditescere
843 2496 1011 2591 discerpta
1032 2494 1176 2585 imperio
1193 2491 1285 2560 Ger-

160 2604 320 2688 manico,
346 2603 485 2672 coinon
506 2603 611 2670 semel
629 2601 779 2670 Caesaris
795 2601 870 2671 vice
896 2623 974 2668 cum
994 2597 1098 2666 laude
1117 2595 1285 2688 praefuis-

167 2714 235 2790 set,
262 2730 284 2773 a
306 2707 353 2774 Se
374 2704 521 2774 alienum
545 2695 729 2778 iudicavit?
754 2707 875 2772 Nonne
896 2703 963 2772 Ille
974 2723 1094 2791 neque
1109 2700 1199 2792 regis
1220 2721 1286 2767 no-

166 2829 267 2892 rnen,
292 2830 403 2894 neque
424 2807 584 2880 ducatum
609 2808 811 2891 vesonae,
837 2807 898 2876 uisi
924 2815 1065 2876 coactus
1079 2814 1112 2873 et
1129 2812 1203 2872 tum
1228 2827 1286 2875 su-

168 2910 293 3000 scepit,
327 2933 431 2998 quum
460 2934 525 3001 per
553 2912 834 2982 Germanicomm
861 2910 1054 3002 principum
1082 2907 1286 2976 discordiam
1412 2981 1418 3000 k

168 3014 292 3082 Gallus
313 3013 348 3080 in
370 3012 553 3085 Germania
569 3024 696 3084 tantum
712 3038 781 3082 non
800 3037 923 3082 nomen
943 3011 1154 3102 imperatoris
1175 3010 1286 3079 habe-

162 3116 247 3193 ret?
283 3116 363 3201 Quo
386 3117 530 3200 factum,
570 3126 607 3184 ut
633 3119 707 3206 ipse
734 3117 794 3184 ille
817 3115 897 3184 iuris
926 3117 1033 3182 omnis
1061 3121 1285 3202 contemptor,

169 3221 228 3308 qui
242 3218 569 3293 contumeliosissime
592 3219 730 3310 regibus
750 3217 907 3285 insultare
922 3224 1157 3300 consueverat,
1182 3215 1286 3282 Hunc

160 3330 283 3410 ,tamen
297 3330 472 3392 attrectare
482 3343 551 3391 non
567 3321 607 3389 sit
625 3342 730 3394 ausus.
783 3320 895 3414 Tanta
917 3327 966 3390 est
986 3319 1075 3387 enim
1092 3341 1190 3395 verae
1215 3317 1284 3386 rir-
1309 3382 1317 3396 ,

169 3425 246 3506 tutis
270 3425 441 3509 maiestas,
480 3433 519 3497 ut
546 3424 647 3494 etiam
667 3424 791 3513 quibus
815 3421 900 3492 nihil
930 3422 1022 3522 aliud
1050 3431 1201 3490 sanctum
1224 3420 1283 3506 est,

160 3528 298 3608 „violae
312 3552 387 3599 cam
403 3537 588 3611 vereantur.
640 3527 759 3614 Quid?
781 3543 824 3596 an
840 3527 900 3594 illa
915 3546 1184 3602 commemorem·
1196 3534 1285 3594 tem-

159 3653 273 3723 pora,
300 3633 426 3722 ‚quibus
443 3631 527 3702 nihil
549 3649 612 3708 neo
634 3631 749 3716 nohis,
781 3653 897 3718 neque
919 3631 990 3721 Ipsi
1013 3627 1281 3710 innocentissimo

168 3735 268 3808 Reor
290 3734 413 3807 tristius
435 3735 546 3826 potuit
567 3744 667 3824 atque
684 3735 841 3806 acerbius
863 3733 1019 3803 evenire?
1038 3732 1106 3800 ‘etsi
1125 3731 1222 3816 ,nuda
1244 3734 1331 3797 re2⁰
1398 3719 1401 3727 '
1432 3809 1434 3816 Ι

168 3838 395 3928 magistrique
410 3841 576 3929 apertius,
602 3837 786 3927 quantita
809 3845 898 3906 sorte
916 3861 994 3911 cum
1016 3836 1180 3927 dignitate
1202 3857 1285 3924 per-

167 3941 328 4026 ferenda,
355 3952 480 4030 quauta
499 3941 581 4010 Eius
600 3941 781 4029 fortitudo,
807 3951 931 4030 quanta
951 3939 1150 4023 certantia,
1176 3961 1284 4026 quan-

159 4053 204 4114 ..ta
235 4044 336 4114 animi
365 4045 563 4139 magnitudo
589 4055 689 4135 atque
722 4045 893 4136 excelsitas
916 4053 1019 4128 esset,
1051 4043 1282 4134 cognovimus.

169 4147 268 4230 Absit
293 4171 397 4233 vero,
433 4159 471 4220 ut
494 4150 587 4220 hunc
610 4149 844 4230 faustissimum
859 4147 950 4218 diem
969 4146 1284 4222 illorumrecorda-

169 4249 263 4328 tione
278 4251 462 4338 fuscemus,
488 4275 633 4344 qnorum
649 4275 820 4343 speramus
837 4273 906 4321 non
918 4275 996 4328 ,esse
1011 4272 1171 4342 nmquam
1187 4257 1284 4342 post-

169 4352 239 4430 hac
260 4355 378 4436 similia
400 4357 550 4438 ,visurum
573 4355 830 4444 ,desuadeas
852 4356 1049 4451 praesertim
1076 4379 1146 4426 non
1169 4352 1282 4450 modo
