3080 5054
256 387 259 402 '
299 393 365 463 ιιι
626 393 685 456 us
714 389 1079 457 courosrrrors

684 503 689 536 i

297 561 358 653 lo,
382 565 417 635 in
431 564 618 658 posteriore
630 563 814 653 Hercules,
840 566 894 636 cui
912 567 1044 657 utrique
1056 562 1280 636 Prometheus
1299 565 1419 660 longis

299 661 521 755 orationibus,
550 676 674 758 quante
692 668 730 736 iis
752 691 817 760 per
835 669 955 738 orbem
973 680 1137 738 terrarum
1149 669 1268 738 itinera
1282 670 1416 740 facien-

191 829 195 838 ,
299 773 365 858 du,
391 782 582 863 quantoque
605 771 779 841 subeunda
799 773 953 865 pericula
972 782 1097 859 esseut,
1115 773 1338 864 explicabut:
1363 781 1418 860 ut,

299 876 327 945 si
346 877 381 944 in
401 875 472 945 aliis
491 875 636 966 trilogiis
658 874 852 945 varietatem
868 898 981 944 rerum
997 877 1181 946 consectari
1199 875 1325 944 studuit
1340 876 1416 973 Aea

298 977 456 1068 schylus,
496 977 530 1045 in
555 976 608 1044 his
622 975 767 1062 ¹duabus
792 978 915 1047 fabulis
940 978 1188 1049 similitudinem
1218 978 1328 1046 rideri
1348 979 1414 1048 de-

298 1083 380 1152 beat
392 1081 492 1150 etism
509 1079 624 1148 dedita
639 1101 746 1172 opera
759 1082 966 1170 quaesivisse.
1015 1081 1110 1167 Quid
1122 1081 1227 1174 igitur
1238 1081 1415 1152 dieamus?

210 1271 215 1280 ὁ
298 1183 390 1254 Num
412 1183 663 1252 similitudinem
691 1183 787 1252 illam
810 1184 1004 1255 fabularum
1026 1183 1153 1278 magis,
1187 1206 1289 1273 qnam
1316 1184 1415 1252 dissi-

158 1351 162 1359 .
298 1287 521 1356 militudinem
547 1288 791 1377 spectatoribus
817 1287 1006 1379 placuisse?
1045 1289 1125 1358 Non
1154 1297 1282 1379 putem.
1344 1289 1414 1357 Αιιι

297 1390 443 1461 voluisse
467 1388 677 1480 Aeschylum
697 1390 889 1477 ostendere,
922 1413 1085 1484 magnum
1110 1391 1284 1482 ingenium
1311 1391 1415 1460 etiam

300 1517 341 1562 ea
365 1493 420 1562 vie
438 1491 581 1563 feliciter
608 1493 782 1579 incedere,
814 1517 883 1583 que
905 1494 976 1562 aliis
995 1516 1198 1588 prosperum
1220 1514 1415 1562 successum

83 1651 87 1658 .
163 1669 165 1686 Ι
298 1618 435 1688 sperare
455 1617 524 1664 uon
548 1607 634 1698 esset
652 1595 806 1666 licitum?
831 1597 1005 1666 Fortasse:
1033 1609 1066 1667 et
1080 1598 1151 1666 veri
1167 1597 1302 1664 similius
1318 1606 1414 1666 certe

298 1698 369 1768 hoc
386 1706 451 1783 est,
477 1721 580 1787 quam
596 1715 665 1767 non
684 1699 805 1768 vidisse
823 1724 919 1786 eum,
945 1723 1047 1790 quarn
1065 1700 1292 1792 periculosum
1313 1707 1411 1786 esset,

298 1800 513 1870 similitudine
525 1823 637 1870 rerum
650 1802 794 1894 fatigare
811 1813 1026 1896 spectatores.
1077 1805 1156 1872 Dua
1171 1812 1302 1872 tantum
1325 1811 1413 1888 sunt,

296 1904 359 1973 uisi
376 1904 496 1989 fallor,
522 1926 610 1993 quae
623 1903 820 1996 responderi
840 1907 885 1973 ad
906 1907 1146 1974 remerendam
1166 1906 1256 1978 hane
1273 1906 1412 1973 dubite-

297 2005 424 2090 tionem
449 2007 586 2098 possint
634 2007 675 2075 Si
697 2006 764 2075 hae
793 2007 933 2078 fabulae
947 2017 1060 2095 tenta,
1098 2018 1257 2099 quantem
1278 2009 1410 2078 indicu-

296 2109 422 2195 vimus,
455 2106 670 2178 similitudinc
699 2110 846 2198 suerunt,
871 2111 1034 2182 credibile
1062 2121 1112 2180 est
1139 2135 1195 2181 eas
1222 2111 1378 2216 primas
1376 2112 1410 2181 in

295 2212 433 2305 trilogia
464 2200 585 2303 fuisse,
625 2212 757 2282 tertiana
787 2223 900 2300 autem
927 2207 1122 2286 successisse
1148 2217 1271 2300 talem,
1307 2237 1407 2304 quae,

296 2333 401 2406 quem
425 2315 504 2384 ill'ue
528 2315 649 2384 similes
670 2317 759 2386 inter
785 2340 839 2402 se,
880 2328 950 2386 tam
973 2319 1105 2406 utrique
1126 2319 1289 2388 dissimilis
1312 2327 1409 2402 esset,

297 2441 405 2509 eaque
436 2415 704 2488 dissimilitudine
735 2421 898 2490 maiorem
925 2422 960 2489 in
992 2421 1134 2490 modum
1166 2429 1410 2511 compensaret,

295 2521 392 2612 quod
411 2520 445 2588 in
467 2521 534 2590 illis
556 2524 666 2590 miuus
688 2533 781 2592 recte
804 2524 932 2595 factum
951 2511 1133 2593 rideretur.
1194 2524 1267 2593 Sed
1295 2524 1409 2592 nescio

296 2649 341 2693 an
360 2625 459 2694 etiem
478 2623 646 2694 verius-sit
667 2627 818 2695 alterum.
869 2619 958 2696 Num
979 2650 1068 2718 quae
1087 2628 1185 2696 nobis
1207 2649 1277 2694 non
1298 2633 1411 2718 potest

295 2749 364 2796 non
382 2728 527 2796 maxima
548 2727 656 2796 videri
678 2729 860 2798 similitudo
885 2753 971 2815 esse,
1004 2733 1084 2819 quis·
1102 2731 1186 2798 ausit
1208 2730 1342 2814 dicere,
1368 2751 1411 2796 an

295 2831 386 2898 forte
415 2829 510 2898 haud
537 2852 658 2930 parum
687 2832 882 2919 contulerit,
921 2855 991 2924 quo
1021 2834 1259 2902 dissinrillimae
1290 2834 1411 2900 fierent

242 2932 245 2938 ’
293 2931 364 3001 hee
392 2931 557 3002 fabulae?
601 2925 688 3001 sunt
711 2944 803 3002 certe
833 2935 921 3003 dnae
943 2958 1011 3019 res,
1054 2958 1142 3022 quae
1169 2935 1411 3004 commendare

295 3035 386 3107 hanc
404 3038 631 3107 coniecturam
650 3035 833 3104 videantur.
884 3037 1035 3104 Primum
1057 3039 1145 3104 enim
1168 3035 1314 3157 chorus,
1350 3037 1410 3127 qni

292 3141 331 3208 in
347 3126 469 3208 Vincto
490 3140 697 3211 Prometheo
718 3138 853 3207 timidus
872 3140 1019 3232 virgines
1040 3137 1197 3229 habets
1188 3162 1222 3207 ιιι
1242 3139 1368 3209 Soluto
1390 3164 1410 3208 e

294 3242 471 3312 Titanibus
494 3253 559 3329 est,
584 3243 772 3313 numinibus
796 3251 830 3311 et
851 3253 968 3312 natura
989 3243 1186 3329 ferocibus,
1213 3251 1246 3312 et
1265 3252 1410 3334 propter

175 3431 181 3442 ι
293 3346 440 3438 privatas
462 3345 593 3414 iniurias
615 3346 690 3414 lovi
717 3347 863 3431 infestis,
907 3357 941 3414 et
969 3369 1058 3416 nunc
1081 3347 1191 3414 fratris
1212 3346 1411 3415 Promethei

221 3489 226 3496 ·
294 3449 464 3541 supplicio
480 3451 699 3540 exasperatis:
729 3449 922 3540 pariterque
940 3472 1008 3518 non
1029 3451 1097 3518 iarn
1113 3450 1153 3517 lo
1173 3450 1285 3538 alique
1308 3449 1411 3516 oestri

294 3553 433 3620 stimulis
463 3553 634 3638 confecta,
672 3553 848 3644 longoque
873 3574 972 3621 cursu
1004 3553 1166 3622 exhauste
1191 3553 1236 3620 ad
1265 3552 1411 3620 Prome-

294 3654 412 3726 theum
433 3655 586 3742 advenit,
620 3677 725 3745 opem
744 3657 813 3723 eins
834 3655 1037 3748 implorans,
1073 3657 1133 3750 sed
1158 3666 1335 3747 superator
1356 3654 1411 3721 la-

289 3760 417 3827 borum
449 3759 598 3830 omnium
630 3759 770 3828 invictus
796 3757 898 3827 herou
931 3759 1045 3846 adest,
1089 3760 1213 3828 loturus
1239 3759 1408 3826 auxilium.

294 3861 428 3932 Deinde
443 3863 502 3952 qui
524 3863 559 3931 in
578 3862 702 3932 Vineto
722 3861 931 3932 Prometheo
952 3863 1043 3930 dirus
1067 3871 1117 3930 est
1141 3864 1259 3946 exitus,
1284 3862 1320 3930 in
1341 3863 1416 3930 So·-

294 3963 367 4031 lutu
386 3965 475 4034 felix
496 3975 564 4050 est,
597 3965 775 4036 interfecto
793 3967 837 4033 ab
857 3964 1013 4036 Hercule
1032 3966 1165 4054 aquila,
1198 3966 1409 4054 liberatoque

250 4086 319 4150 lue
349 4068 489 4139 vincul-is
520 4067 738 4140 Prometheo.
804 4067 892 4136 Sunt
925 4069 1013 4139 haec
1046 4070 1205 4160 profecto
1234 4066 1409 4150 eiusmodi,

298 4191 386 4259 qnae
412 4171 523 4240 facile
539 4173 676 4242 efficere
703 4171 892 4264 potuerint,
923 4183 978 4259 ut,
1011 4193 1088 4294 quo·
1105 4173 1280 4242 similiores
1303 4179 1410 4240 essent

297 4275 543 4364 compositione
575 4273 642 4344 hee
672 4275 825 4362 fabulae,
877 4283 971 4345 tento
996 4275 1105 4368 magis
1133 4277 1333 4347 uectatione
1363 4273 1408 4341 ad

295 4397 458 4448 mmmeru
476 4376 774 4452 ‹lissimilitndiuem
797 4377 1053 4451 adducerentur.
1162 4427 1166 4436 ·
