3058 5046
237 341 303 404 aco
353 333 410 398 un
429 330 695 398 u1suon1au
712 319 934 394 ‘entrare
960 329 1244 393 ammonens

238 504 478 577 narrationibus
511 506 809 600 coniungerentur:
859 499 1064 596 perdifficile
1099 509 1149 572 est
1185 509 1221 570 et
1249 522 1355 591 saepe

239 632 376 703 prorsus
396 618 577 702 negatum,
625 608 771 700 nundinia
803 607 995 688 describere
1028 605 1219 686 fabularum
1252 612 1375 692 atque

171 733 175 740 ·
239 712 408 782 historiae.
458 711 621 797 Accedit,
646 711 740 802 quod
754 711 813 802 qui
831 710 932 801 primi
947 709 1121 778 historiam
1141 707 1355 798 seripserunt,

239 839 347 905 quum
356 836 424 883 non
439 837 587 900 sensum,
612 814 674 884 sed
688 815 792 894 verba
813 813 947 883 illarum
965 812 1157 895 sabulamm
1173 832 1355 899 sequeren-

239 929 311 1003 tur,
343 920 468 1008 partim
491 917 691 1001 conciliare,
715 939 804 1006 quae
825 917 918 984 inter
933 939 973 994 ae¹
988 921 1197 1007 pugnarent,
1230 912 1355 1003 partim

240 1021 462 1093 coniectando
492 1030 525 1090 et
544 1019 774 1090 ratiocinando
795 1019 844 1102 ,ad
869 1015 1036 1107 liquidum
1062 1016 1254 1108 perducere
1284 1024 1355 1084 stu·-
1390 1019 1394 1025 '

240 1124 400 1194 duerunt:
429 1123 549 1212 quibus
571 1122 714 1208 deinde,
744 1131 782 1190 ut
802 1121 930 1190 idoneis
955 1120 1163 1204 auctoribus,
1189 1115 1355 1188 creditum

241 1236 308 1311 est,
332 1249 438 1315 quum
459 1226 554 1298 credi
579 1225 728 1294 omnium
749 1225 885 1294 minime
905 1222 1069 1293 debuerit
1121 1220 1193 1292 Sed
1213 1229 1252 1290 ut
1270 1243 1358 1312 pos·

239 1330 280 1398 sit
301 1328 441 1396 historia
461 1353 482 1396 a
502 1329 628 1397 subulis
648 1328 724 1398 satis
747 1325 909 1412 discerni,
934 1325 1021 1394 illud
1040 1323 1246 1415 quaerimus,
1271 1323 1355 1412 quid

240 1432 281 1501 sit
298 1433 333 1500 iu
350 1431 431 1523 ipsis
445 1430 508 1500 illis
524 1431 664 1516 fabulis,
679 1429 783 1520 quod
797 1429 958 1499 historiae
980 1429 1115 1512 nomine
1137 1426 1281 1518 dignum
1304 1426 1353 1496 sit

240 1535 393 1620 Quarum
408 1535 436 1603 si
448 1534 552 1620 haec,
572 1533 621 1602 uti
635 1533 794 1616 diximus,
818 1533 903 1602 ratio
919 1541 984 1619 est,
1009 1541 1047 1599 ut
1059 1529 1172 1600 omnia
1187 1552 1257 1612 non
1270 1551 1357 1620 pror

239 1638 320 1728 priis
341 1637 545 1722 nominibus,
572 1636 632 1706 sed
646 1635 859 1728 appellativis
871 1635 1064 1726 designent,
1075 1683 1077 1690 -
1088 1632 1174 1702 nihil
1191 1632 1284 1703 alind
1299 1643 1356 1702 eta

240 1741 412 1810 continere
431 1748 591 1831 apparet,
617 1761 721 1828 quarn
735 1739 828 1829 quali
846 1738 928 1828 qnid
946 1737 981 1806 in
1000 1739 1079 1808 loco
1103 1745 1138 1805 et
1160 1737 1355 1825 equalibus

239 1839 430 1912 homiuibus
456 1852 588 1934 gestum
616 1841 666 1910 sit.
723 1843 772 1910 At
793 1841 883 1910 haec
903 1863 972 1909 uon
996 1849 1045 1908 est
1060 1838 1209 1918 historia.
1268 1839 1357 1920 Nam

238 1944 399 2014 historiae
411 1947 590 2037 proprium
607 1953 674 2028 est,
699 1953 737 2012 ut
752 1943 806 2032 id,
831 1943 927 2036 quod
945 1951 1113 2027 narratur,
1139 1964 1218 2012 cum
1232 1962 1274 2010 eo
1294 1962 1355 2012 eo·

239 2046 399 2134 haereat,
424 2048 518 2136 quod
533 2047 589 2132 hi,
615 2045 735 2135 quibus
756 2056 925 2131 narratur,
950 2046 1017 2137 ipsi
1037 2045 1184 2114 sensibus
1195 2043 1260 2114 sub
1274 2065 1354 2136 per-

240 2149 376 2242 cipiunt.
429 2151 612 2240 Quumque
628 2147 768 2218 historia
787 2160 822 2218 et
842 2149 927 2239 quid
950 2148 1078 2219 lactum
1095 2149 1153 2234 sit,
1179 2156 1213 2216 et
1229 2170 1252 2215 a
1275 2169 1355 2236 quo,

241 2263 276 2322 et
291 2251 439 2342 quando,
464 2263 498 2323 et
511 2255 581 2341 ubi,
606 2253 754 2322 indicare
767 2252 902 2339 debeat,
928 2251 1040 2320 dehis
1056 2250 1356 2340 omnibustestium

241 2356 346 2425 fidem
368 2354 583 2445 requirimus,
608 2379 695 2446 qnae
718 2356 753 2424 in
773 2357 873 2425 rebus
888 2355 1086 2446 pervetustis
1106 2354 1245 2434 lereeo
1259 2353 1356 2438 redit,
1447 2397 1452 2410 -

215 2468 303 2544 But,
328 2482 416 2547 quae
437 2468 624 2544 narrantur,
650 2481 761 2549 neque
780 2482 901 2550 perse¹
913 2457 1127 2538 incredibilia
1138 2459 1223 2542 siut,
1247 2477 1358 2545 neque

241 2562 305 2645 his,
331 2585 418 2651 quae
434 2573 528 2631 certo
542 2563 633 2632 facta
651 2562 782 2647 sciurus,
807 2570 1007 2653 repugnent
1059 2559 1131 2642 Sed
1146 2561 1181 2642 iu
1196 2559 1249 2628 his
1262 2559 1357 2650 quod

240 2663 437 2757 primarium
459 2675 526 2750 est,
560 2673 690 2744 certum
708 2662 848 2752 aliquod
871 2664 1016 2749 iactum,
1048 2663 1087 2732 id
1108 2685 1212 2752 quum
1236 2671 1364 2756 sponte
1422 2711 1424 2714 -

241 2766 447 2864 intelligatur
460 2776 494 2835 et
508 2791 529 2834 a
545 2767 641 2838 certis
654 2766 897 2861 homini-husee
918 2776 1011 2838 certo
1035 2774 1192 2859 tempore
1207 2774 1243 2834 et
1262 2775 1356 2838 certo

241 2870 277 2937 in
293 2866 373 2940 loco
396 2869 523 2940 factum
542 2891 632 2955 esse,
657 2870 884 2952 tamennulla
904 2865 1072 2960 re'magis
1088 2893 1169 2952 ,cnm
1187 2869 1243 2953 iis,
1268 2890 1360 2956 quae

200 3039 206 3052 ,
241 2993 322 3041 vera
361 2994 432 3040 esse
469 2971 608 3056 scimus,
635 2971 813 3056 cohaeret,
853 2995 956 3062 quarn
997 2971 1066 3042 loci
1104 2970 1356 3063 significatione.

241 3076 330 3144 Nam
340 3074 497 3143 homines
517 3075 602 3148 certi
622 3097 691 3144 non
708 3085 847 3166 possunt
859 3075 1021 3168 intelligi,
1045 3073 1106 3142 uisi
1119 3074 1177 3164 qui
1190 3081 1358 3143 certarum

241 3177 395 3269 gentium
416 3178 555 3264 fuerint,
587 3200 697 3270 eoque
722 3179 820 3248 locos
848 3179 1013 3262 tenuerint
1035 3187 1162 3260 certos3
1200 3184 1358 3266 tempora

238 3286 356 3348 'autem
382 3302 423 3349 ex
446 3281 545 3349 factis
568 3281 693 3350 horum
717 3279 894 3352 homiuum
919 3290 1172 3372 computantur:
1204 3274 1297 3349 unde
1329 3278 1357 3367 si

242 3381 311 3452 loci
339 3381 458 3452 incerti
487 3392 578 3469 sunt,
619 3384 719 3452 etiam
736 3394 879 3455 ‘caetera
902 3385 1101 3456 labefactari
1132 3404 1268 3453 neeesse
1297 3389 1356 3454 est.

243 3485 348 3570 Quod
378 3485 422 3570 si,
447 3495 486 3555 ut
506 3509 608 3578 snpra
632 3486 845 3574 dicebamm,
880 3488 982 3556 etiam
1002 3487 1072 3556 loci
1092 3486 1128 3554 in
1148 3483 1273 3554 fabulis
1292 3484 1358 3552 istis

243 3589 449 3681 appellativa
466 3573 594 3664 hahent
608 3590 758 3675 nomina,
784 3591 960 3681 quomodo
977 3590 1140 3674 sciemus,
1165 3589 1226 3659 ubi
1241 3608 1301 3662 ,res
1314 3586 1358 3654 il-

90 3747 98 3756 ,
133 3777 140 3782 ἢ
242 3690 299 3788 lae
314 3700 430 3783 gestae
444 3692 533 3778 sint?
558 3692 683 3774 Tribus
697 3693 838 3780 modis,
852 3694 915 3763 nisi
933 3694 1046 3762 fallor.
1097 3690 1240 3775 Primus,
1265 3691 1359 3778 isque

196 3837 197 3840 =
244 3793 442 3863 certissimus
464 3803 530 3879 est,
561 3818 685 3889 quum,
717 3819 804 3886 quae
824 3807 1016 3881 narrantem,
1040 3796 1114 3886 ipsa
1139 3804 1268 3864 certum
1289 3792 1359 3862 loci

243 3893 404 3965 indicium
424 3900 600 3989 praebent.
651 3899 846 3984 Secundm,
872 3923 979 3989 quum
1007 3897 1091 3987 quid
1114 3895 1206 3988 apud
1230 3905 1359 3965 certum

243 3997 389 4067 maxime
402 4001 571 4091 populum
584 4001 793 4090 celebratum
805 4001 971 4072 videmus:
996 4001 1177 4076 verisimile
1194 4007 1243 4066 est
1259 3999 1358 4082 enim,
1390 4057 1400 4067 .

243 4099 293 4166 ihi
307 4098 436 4188 aliquid
454 4113 585 4194 gestum
600 4097 695 4191 esse,
716 4103 774 4174 uhi
787 4104 935 4197 plurima
952 4105 1022 4174 eius
1034 4105 1126 4174 lama
1142 4100 1361 4174 circumfera-

243 4211 307 4270 tur.
358 4202 492 4274 Tertius
520 4206 683 4297 deniqne,
716 4231 821 4299 quum
849 4208 985 4278 uomina
1008 4209 1185 4292 locorum,
1218 4227 1305 4295 quae
1325 4203 1366 4270 in·

244 4304 361 4376 fabula
387 4316 481 4393 sunt,
513 4321 631 4403 aperte
651 4309 697 4382 de
719 4311 773 4384 his
793 4312 897 4400 loeis,
924 4313 1085 4404 quivere
1110 4310 1151 4380 iis
1170 4306 1362 4380 nominibus
