3058 5046
434 347 672 424 unustvut
703 361 1023 428 sruflrtuttut
1219 369 1284 434 248

278 524 395 628 τήναν
421 531 556 628 αἰθέρα
581 537 705 623 θεῖον,
739 516 909 630 σίαἰνησίν
934 561 1001 630 σσρ
1032 529 1183 626 ddecus·

280 635 471 730 ἑξανέφηνε
496 639 596 714 decit
626 632 723 731 σίραν
748 629 938 718 uditantes
965 637 1131 728 ἰδέσθαι,

277 734 320 808 ὃν
346 728 391 832 δή
416 735 480 809 νῦν
504 738 671 810 καλέουσι
698 733 849 837 Φάνητά
875 766 916 813 rr
941 738 1000 811 νσί
1026 733 1218 816 Διόνυσον.

174 933 387 1027 Stephanum
411 945 597 1006 memorant
619 937 654 1006 in
667 939 770 1008 Poesi
794 939 892 1033 epice
916 940 1050 1034 αἰθέρα
1075 943 1171 1026 δῖον,
1196 939 1329 1014 ciri-tt)

176 1061 287 1134 νητσν
311 1037 397 1135 πρὶν
422 1032 531 1112 ἐόντα
541 1093 557 1128 ,
596 1039 734 1136 habere.
797 1043 838 1112 ln
875 1041 1090 1115 adnotatione
1123 1043 1283 1130 subiecta,

176 1142 334 1228 quoniam
366 1148 401 1208 et
425 1140 628 1230 ,Damascus
659 1143 704 1213 de
737 1143 805 1215 hac
836 1144 909 1237 ipsa
945 1167 982 1214 rc
1015 1145 1106 1216 dicat
1137 1147 1284 1242 νεφέλης
1325 1175 1328 1180 ·

176 1242 354 1339 ῥαγείσης,
380 1251 415 1312 et
439 1245 560 1314 Suidas
585 1246 620 1313 in
644 1269 677 1321 r.
703 1240 857 1341 Ὀρφσίς
881 1249 1022 1331 scribet,
1039 1249 1155 1343 έρήσσ
1169 1249 1208 1320 δὲ
1224 1245 1284 1320 ὅτι

177 1344 251 1439 φῶς
284 1345 393 1441 ῥῆξαν
423 1340 490 1419 τόν
522 1349 679 1443 αἰθέρα,
715 1343 868 1442 ἐφώτισε
893 1342 961 1444 τήν
985 1349 1072 1444 ρήν,
1104 1350 1285 1420 coniiciunt
1365 1344 1369 1350 ’

176 1443 292 1540 νήσων
309 1448 455 1537 glossam
471 1471 557 1538 esse,
582 1473 650 1540 qua
674 1451 812 1540 expulsa
836 1451 938 1520 fuerit
962 1451 1107 1542 genuina
1123 1451 1285 1542 scriptum

177 1541 327 1643 ῥήσσων.
377 1550 417 1616 lu
441 1573 543 1619 care
567 1575 629 1622 nos
653 1555 746 1622 nullo
772 1553 877 1622 modo
909 1555 1118 1622 assentientes
1148 1553 1285 1622 habenta

176 1650 327 1718 Primum
352 1652 441 1719 enim
472 1647 588 1749 τήναν
619 1657 753 1751 αἰθέρα
786 1667 903 1746 aperte
935 1651 1108 1748 poeticum
1138 1665 1210 1743 est,
1248 1667 1285 1734 ut

176 1774 286 1840 neque
317 1753 479 1826 credibile
504 1756 564 1840 sit,
599 1758 642 1824 ab
666 1758 847 1848 interprete
879 1758 950 1829 hoc
983 1781 1054 1827 erse
1079 1759 1285 1849 profectum,

176 1876 238 1924 nec
254 1856 393 1943 mirum,
419 1858 478 1946 qui
501 1881 604 1951 prosa
629 1862 780 1929 oratione
806 1862 998 1949 utebantur,
1025 1885 1045 1930 a
1070 1861 1206 1953 poetica
1231 1861 1286 1932 di⁴

176 1957 287 2028 ctione
304 1961 502 2029 abstinuisse.
553 1962 688 2033 Deinde
713 1987 876 2056 negamus
900 1967 1001 2034 etiam
1026 1964 1173 2054 omnino,
1199 1957 1286 2059 ῥήσ-

177 2085 248 2133 σων
261 2063 406 2130 scribere
416 2061 586 2152 potuisse,
612 2067 671 2152 qui
695 2081 807 2134 versus
831 2067 908 2134 iilos
932 2067 1025 2150 fecit,
1050 2088 1118 2133 non
1142 2075 1286 2157 propter

174 2163 338 2245 verbum,
364 2163 424 2231 sed
450 2165 595 2255 propter
616 2174 748 2256 tempus
772 2169 877 2234 verbi.
933 2161 1056 2262 Τήαων
1079 2168 1168 2233 enim
1193 2177 1286 2234 recte

174 2264 234 2332 ilie
259 2263 372 2333 dicere
396 2267 518 2357 potuit,
544 2267 639 2355 qnod
665 2269 701 2334 id
726 2269 902 2358 paullatim
917 2268 982 2348 -fit3
1008 2262 1147 2365 ῥήσσων
1174 2279 1286 2335 autem

174 2369 376 2457 nonpotuit,
402 2368 480 2456 quia
504 2370 617 2459 rumpi
643 2368 816 2438 aetherem
839 2372 935 2438 unius
959 2368 1120 2436 momenti
1137 2377 1195 2452 est,
1226 2371 1286 2436 sed

175 2469 344 2539 debuisset
369 2464 474 2567 ῥήξας
499 2469 633 2556 dicere,
663 2467 950 2562 quemadmodum
974 2480 1009 2539 et
1034 2469 1228 2539 Damuscius
1255 2483 1288 2542 et

175 2572 300 2642 Suidat
332 2575 456 2642 aoristo
489 2584 564 2643 sunt
596 2573 658 2644 usi.
709 2577 756 2644 At
781 2576 848 2644 alia
873 2583 982 2659 erent,
1018 2573 1165 2662 quaein
1189 2595 1287 2648 versu

111 2755 115 2761 ¹
174 2676 240 2744 isto
266 2677 391 2768 corrigi
417 2676 597 2750 debebant.
648 2680 737 2747 Nam
762 2680 896 2773 αἰθέρα
913 2682 1017 2752 sirion
1032 2677 1201 2744 Gesnerus
1227 2694 1295 2744 ex·-

175 2775 285 2846 hibuit
308 2779 343 2846 in
367 2781 561 2870 fragmentis
575 2778 749 2872 Orphicis‚
773 2801 876 2870 quem
900 2780 1035 2850 minime
1060 2779 1155 2867 sequi
1180 2779 1286 2848 debe·
1349 2837 1354 2844 .

174 2881 258 2949 bant
282 2882 439 2956 Editores
465 2883 651 2969 Thesauri,
685 2907 753 2954 non
778 2886 886 2953 solum
911 2883 1005 2973 quod
1032 2881 1110 2953 edd.
1144 2881 1287 2952 Macro-

175 2982 232 3069 bii,
259 2985 393 3075 (saltem
418 3007 506 3075 quae
530 2987 627 3056 nobis
650 2988 695 3056 ad
718 3012 852 3057 menum
872 2998 957 3072 sunt,
983 2986 1066 3052 dum
1091 2983 1179 3053 haec
1204 2986 1286 3054 scri-

174 3085 301 3176 bimus)
321 3089 462 3182 ,αἰθέρα
488 3093 567 3162 δῖαν
591 3093 775 3180 praebent,
800 3090 977 3160 sedetiam
1000 3088 1079 3176 quia
1088 3109 1202 3174 neque
1219 3086 1286 3155 usi·

173 3188 480 3278 tatumepitheton
503 3191 647 3260 aetheris
677 3201 729 3260 est
748 3199 848 3270 θσίσσ
857 3243 871 3276 ,
896 3213 1002 3279 quum
1028 3191 1101 3269 δῖος
1126 3189 1167 3256 sit
1184 3189 1286 3257 usita-

174 3290 353 3376 tissimum,
386 3312 496 3378 neque
512 3293 662 3358 omnino
691 3293 762 3364 boc
787 3293 819 3360 ei
843 3291 1018 3381 epitheton
1041 3301 1132 3362 recte
1156 3292 1287 3365 videtur

174 3393 279 3470 tribui¹
299 3415 408 3484 posse.
460 3395 548 3462 Nam
574 3393 792 3464 diversissime
817 3405 892 3464 sunt
918 3400 1017 3475 θεῖος
1033 3405 1067 3462 et
1084 3399 1172 3474 dioc:
1197 3416 1286 3482 quo-

175 3517 252 3564 rum
277 3503 376 3575 θεῖος
405 3505 463 3564 aut
494 3496 548 3581 id,
582 3496 678 3585 quod
703 3521 724 3570 ι
750 3497 811 3567 diis
837 3508 964 3582 ortum,
997 3519 1075 3566 cum
1102 3517 1287 3584 eorumque
1337 3499 1347 3528 ⁸

175 3608 294 3667 nature
319 3597 533 3668 coniunctum
558 3609 626 3683 est,
660 3610 697 3670 ut
726 3605 830 3672 θσῐσν
856 3600 976 3692 γένος,
1009 3602 1109 3694 θεῖσα
1135 3594 1286 3692 ὄνειρος,

168 3711 234 3790 ¹aut
253 3699 339 3768 iliud
364 3701 547 3793 significet,
582 3703 675 3790 quod
701 3712 770 3770 tam
795 3702 952 3769 eximium
978 3713 1028 3768 est
1052 3709 1154 3788 atque
1180 3699 1289 3772 admi*

171 3805 293 3889 rabide,
327 3827 429 3894 qnam
455 3806 482 3872 si
506 3815 591 3872 essct
614 3805 807 3895 profectum
833 3806 877 3872 nb
903 3803 982 3888 diis,
1014 3811 1052 3870 ut
1080 3807 1186 3876 θεῖον
1215 3826 1287 3873 πσ-

177 3899 262 3978 αόνε
297 3907 484 3996 dequibus
507 3917 661 3976 neutrum
686 3909 721 3976 in
746 3907 918 3976 aetherem
944 3905 1102 3996 quadrat,
1132 3903 1192 3974 nisi
1214 3905 1289 3992 quie

176 4029 219 4076 ex
243 4031 364 4078 arcuna
377 4010 610 4100 Orpbicorum
635 4010 810 4103 disciplina
835 4010 982 4100 aliquam
996 4008 1160 4076 rationem
1174 4016 1288 4076 oscena

115 4167 119 4176 .
176 4111 253 4180 dat:
284 4114 362 4192 δῖος,
383 4124 496 4182 autem
515 4115 691 4203 ,aliquanto
712 4115 875 4182 minorem
901 4113 968 4180 vim
993 4110 1117 4195 habet,
1131 4121 1180 4178 -et
1204 4110 1289 4178 nihii

178 4223 227 4282 est
251 4213 361 4298 alind,
387 4238 488 4304 quam
513 4225 704 4306 praestans,
730 4215 914 4299 excellens,
950 4219 1054 4283 sa'cer.
1106 4213 1289 4300 Quumque

176 4317 360 4405 Homerus,
386 4319 444 4409 qui
469 4328 588 4390 auctor
613 4319 718 4412 epicis
743 4327 777 4389 et
801 4317 871 4389 dux
896 4317 960 4386 fuit
982 4318 1017 4385 in
1041 4316 1211 4407 plerisque
1231 4335 1289 4381 re·
1379 4353 1387 4396 5

962 4419 1069 4506 .Q²
