3078 5026
261 341 304 404 02
591 335 1038 398 DEAESCHYLI
1123 383 1126 394 ,

261 508 317 576 vix
331 507 376 575 ab
392 505 535 576 ridiculo
552 505 720 578 abluisset.
771 508 866 595 Quos
882 511 970 578 enim
991 507 1185 599 quotidiano
1208 508 1373 599 adspectu

261 609 317 679 vel
337 609 493 678 familiari
514 612 752 681 consuetudine
771 623 868 680 notos
891 611 1072 697 habemns,
1096 613 1137 698 ii,
1163 613 1373 700 quantumvis

262 712 318 782 vel
332 713 398 781 on‘s
412 713 582 782 maiestate
595 737 725 805 graves,
750 715 806 783 vel
827 737 961 783 morum
975 715 1146 785 sanctitate
1166 715 1374 783 venerabiles

263 816 342 900 sint,
375 824 487 886 tamen
516 818 653 907 poetica
680 817 882 886 sublimitate
905 818 1029 902 omati‚
1067 817 1226 906 quonlam
1253 818 1374 886 veritas

261 918 432 988 fictionem
455 920 582 1010 arguit,
609 928 734 988 tantum
752 922 863 1006 abest,
888 929 925 990 ut
942 920 1050 1012 magis
1072 920 1246 989 videantur
1263 919 1375 989 admi-

261 1020 359 1090 randi
388 1043 475 1106 esse,
508 1030 546 1089 ut
564 1022 699 1090 absurdi
719 1025 831 1114 potius
859 1033 894 1091 et
915 1023 1051 1093 ridiculi
1073 1024 1164 1091 fiant.
1217 1022 1323 1108 Quod
1344 1025 1374 1093 si

261 1125 346 1192 lictis
364 1123 514 1213 personis
530 1125 578 1193 uti
589 1135 713 1215 poetae
726 1127 776 1194 illi
790 1128 986 1214 voluissent,
1011 1149 1079 1195 non
1094 1127 1204 1195 solum
1217 1148 1271 1196 res
1289 1127 1374 1216 ipsa,

261 1236 301 1296 ut
327 1235 428 1294 notae
458 1227 588 1296 veritati
609 1250 817 1323 repugnans,
858 1231 983 1298 absona
1012 1239 1097 1299 esset
1119 1230 1207 1315 visa,
1241 1229 1301 1298 sed
1331 1251 1375 1297 ne

263 1329 424 1420 splendor
451 1331 589 1418 quidem
611 1331 691 1417 ille,
722 1333 781 1422 qui
801 1355 923 1423 regum
940 1341 990 1401 est
1012 1342 1046 1400 et
1067 1332 1231 1418 heroum,
1258 1333 1375 1403 conci-

261 1432 336 1500 liari
350 1432 388 1500 iis
407 1434 588 1522 potuisset:
616 1457 717 1523 quem
737 1436 881 1520 Graeci,
908 1444 942 1503 et
961 1444 1053 1504 recte
1078 1435 1236 1526 quidem,
1261 1443 1299 1504 ut
1312 1457 1375 1502 ne·

263 1535 441 1606 cessarium
461 1537 496 1602 in
515 1560 660 1627 persona
672 1539 802 1630 tragica
818 1539 1041 1628 requirebant.
1093 1539 1157 1623 At,
1184 1538 1276 1607 dicat
1288 1537 1373 1626 quis,

122 1685 126 1693 -
252 1647 300 1706 'ut
319 1639 443 1706 Persae
463 1639 697 1710 introducendi
715 1643 857 1726 fuerint,
885 1651 999 1710 tamen
1018 1640 1053 1709 iu
1077 1640 1223 1711 Graecia
1242 1661 1294 1708 res
1317 1639 1377 1731 agi

262 1749 405 1831 poterat.
455 1741 633 1811 Fortasse:
658 1766 863 1833 quamquam
886 1767 929 1812 ne
952 1744 1023 1813 hoc
1040 1743 1177 1833 quidem
1193 1745 1269 1812 satis
1285 1752 1375 1834 apte.

262 1843 351 1912 Nam
372 1865 476 1932 quum
498 1854 579 1912 nota
600 1857 725 1931 essent,
757 1870 844 1935 quae
869 1870 889 1914 a
911 1847 1023 1916 Persis
1042 1847 1078 1913 in
1107 1846 1253 1915 Graecia
1281 1854 1376 1938 gesta

264 1955 375 2031 erant,
402 1946 450 2014 sic
471 1969 608 2037 quoqne
630 1948 1112 2018 verisimilitudinemelusisset
1125 1949 1254 2018 veritas.
1281 1949 1376 2016 'De-

238 2047 341 2118 Ssiuit
364 2048 452 2116 eninr
473 2050 649 2120 verisimile
670 2075 760 2137 esse,
795 2050 891 2141 qnod
915 2074 968 2120 res
988 2074 1145 2143 praesens
1165 2053 1287 2120 falsum
1306 2073 1377 2120 esse

262 2153 384 2243 arguit.
440 2152 560 2242 ltaque
594 2156 762 2245 sapienter
788 2164 931 2245 uterque
965 2166 1069 2246 poeta
1098 2165 1131 2224 et
1167 2179 1287 2226 scenae
1320 2156 1376 2223 lo-
1495 2183 1498 2190 ·

207 2337 209 2346 y
262 2276 341 2326 cum
365 2278 386 2322 a
409 2254 555 2326 Graecia
582 2259 743 2345 removit,
783 2267 819 2328 et
843 2281 917 2327 rem
936 2258 1046 2350 ipsam
1069 2282 1090 2326 a
1112 2258 1220 2327 Persis
1246 2266 1376 2326 tantum

261 2359 337 2450 geri
356 2359 473 2426 voluit.
1298 2413 1301 2419 .

364 2461 437 2530 Sed
454 2462 583 2532 duabus
596 2465 697 2532 rebus
715 2464 905 2555 Aeschylus
928 2489 949 2533 a
966 2464 1182 2554 Phrynicho,
1215 2472 1376 2555 quantum

264 2564 404 2653 quidem
417 2564 517 2633 huius
530 2567 680 2634 fabulam
697 2571 869 2660 cognitam
883 2569 1063 2651 habemus,
1091 2568 1255 2652 discessit,
1281 2566 1377 2655 quod

263 2689 374 2755 neque
398 2667 590 2736 eunuchum
614 2669 787 2756 adhibuit,
818 2691 929 2759 neque
953 2668 1096 2739 chorum
1123 2691 1164 2736 ex
1186 2669 1378 2736 Phoenissis

263 2769 473 2858 mulieribus,
498 2771 560 2838 sed
574 2794 615 2840 ex
634 2774 765 2842 senibus
781 2774 891 2842 Persis
906 2772 1103 2862 composuit.
1152 2770 1377 2862 Phrynichus,

265 2895 327 2942 cur
342 2873 404 2940 ista
424 2873 569 2962 faceret,
595 2875 734 2943 idoneas
756 2877 897 2943 fortasse
913 2877 1056 2941 rationes
1075 2873 1236 2942 habebat.
1288 2876 1377 2941 Nam

265 2977 326 3044 etsi
345 2975 551 3060 laudandum
575 2987 731 3067 putamus
743 2977 960 3066 Aeschylum,
988 2976 1082 3064 quod
1097 2978 1125 3044 is
1145 2987 1298 3047 neutrum
1320 2976 1377 3044 fe-

264 3079 364 3164 cerit,
394 3090 508 3149 tamen
539 3102 608 3147 non
633 3079 910 3170 reprehendimus
933 3077 1184 3169 Phrynichum,
1218 3080 1377 3169 quoniam

264 3182 311 3249 de
329 3181 428 3251 huius
450 3184 567 3252 fabula
590 3183 732 3252 iudicari
747 3205 815 3250 non
838 3182 927 3252 licet.
979 3182 1080 3252 Certe
1096 3184 1288 3255 eunuchum
1308 3203 1378 3249 non

265 3308 335 3354 esse
358 3295 540 3376 propterea
561 3287 605 3352 ab
625 3286 798 3375 Aeschylo
818 3287 1063 3376 improbatum,
1090 3287 1184 3374 quod
1207 3311 1247 3354 ea
1269 3285 1378 3352 mium

264 3411 452 3480 congruens
476 3388 671 3479 tragoediae
689 3411 835 3479 persona
851 3397 951 3472 esset,
978 3412 1019 3456 ex
1035 3411 1077 3456 eo
1090 3390 1234 3481 intelligi
1253 3396 1376 3479 potest,

264 3492 360 3583 quod
381 3494 455 3584 ipse
475 3489 663 3580 Aeschylus
683 3492 717 3558 in
737 3493 994 3583 Agamemnone
1018 3491 1176 3583 vigilem,
1201 3495 1237 3559 in
1260 3489 1377 3558 Choe-

265 3589 383 3689 phdris
406 3595 589 3679 nutricem,
627 3592 816 3663 humilioris
836 3598 933 3663 sortis
958 3618 1135 3686 personas,
1166 3594 1378 3664 introducere
1498 3665 1504 3684 ‚

202 3772 204 3777 ,
264 3698 512 3767 nondubitavit.
539 3698 628 3782 Quin
646 3698 819 3768 eunuchus
832 3698 1082 3788 illePhrynichi
1096 3700 1235 3767 fortasse
1248 3720 1292 3765 ne
1307 3703 1379 3764 erat

181 3819 185 3834 ·
265 3802 404 3890 quidem
427 3824 557 3884 seusun,
597 3801 659 3870 sed
685 3825 823 3870 munere
848 3804 962 3891 aliquo
988 3804 1109 3892 insigni
1138 3801 1229 3892 apud
1259 3821 1378 3890 regem

265 3904 478 3994 fungebatur.
529 3905 585 3972 De
600 3904 707 3973 choro
721 3904 907 3994 Phrynichi
930 3915 1041 3972 autem
1060 3927 1104 3971 ne
1123 3926 1188 3993 per
1206 3903 1378 3972 coniectu-

266 4029 338 4076 ram
358 4007 496 4094 quidem
522 4008 683 4076 iudicium
709 4007 792 4074 ferri
812 4016 939 4097 potest:
979 4028 1181 4094 quamquam
1202 4005 1287 4073 illud
1309 4026 1379 4071 non

267 4119 316 4180 est
334 4111 531 4196 obscurum,
557 4112 601 4179 ab
623 4135 664 4178 ea
678 4110 821 4194 ratione,
848 4131 950 4198 quam
967 4109 1156 4198 Aeschylus
1172 4107 1378 4198 sequendam

265 4213 415 4307 putavit,
440 4213 543 4282 talem
566 4211 710 4284 chorum
732 4214 878 4282 alienum
893 4212 1003 4283 fuisse.
1054 4213 1122 4284 Hic
1143 4215 1232 4312 euim
1247 4210 1379 4303 grande

203 4337 208 4348 ·
267 4313 432 4408 quiddam
458 4325 492 4432 et
518 4316 716 4388 admirabile
734 4317 846 4387 auimo
867 4327 1090 4409 conceperat,
1114 4313 1380 4424 magnitudinem
