3058 5046
273 393 338 456 ²40
484 385 700 448 CENSVRA
730 384 889 448 Novae
917 383 1163 448 amulonis

273 559 333 628 bat
350 557 506 627 Butlerus
527 557 658 642 dicere,
691 577 805 658 veram
829 556 1011 626 soliorum
1030 555 1212 624 serbomm
1237 553 1380 646 scriptu-

275 683 348 755 ram
369 661 508 728 delinire
529 683 597 728 non
614 659 748 730 audere.

378 863 499 932 Paullo
520 873 616 956 post,
646 881 683 954 p.
710 861 796 931 262.
821 863 864 932 A.
886 870 1065 954 postquam
1087 859 1258 929 Macrobii
1280 860 1384 928 verba

277 965 537 1058 adscripserunt,
568 959 732 1035 uncinulis
757 965 930 1057 praefixis,
965 964 1021 1053 qui
1037 966 1073 1031 in
1095 963 1162 1030 line
1176 961 1385 1054 typographi

276 1089 396 1238 3:1ng
398 1068 512 1256 penge?
524 1078 615 1154 sunt,
641 1069 675 1136 in
691 1068 761 1138 hoc
782 1069 918 1138 illorum
938 1089 1110 1151 versuum,
1136 1087 1222 1155 quos
1244 1065 1385 1135 Macro-

372 1318 486 1398 'Hira
510 1321 730 1421 παγγινέτορ
739 1377 754 1413 ,
779 1319 974 1402 aurciole,
999 1317 1273 1420 χρυσεοφιγγὲς,

86 1499 101 1522 ·
233 1491 237 1499 “
276 1475 323 1544 lla
336 1483 501 1568 pergssnit
524 1511 578 1529 ·-
602 1473 888 1562 „Pro-ueoea'ois
903 1473 1090 1557 Gesnems,
1115 1470 1260 1540 metricis
1280 1471 1387 1540 ratiu-

197 1645 202 1653 .
277 1578 404 1662 „nibus
419 1581 548 1664 monis,
575 1573 662 1652 Πιῖν·
678 1572 779 1650 αἰόλι
790 1576 957 1668 reposuit,
982 1577 1164 1668 probante,
1190 1582 1228 1642 ut
1243 1573 1387 1660 videtur,

201 1709 205 1718 ⁴
277 1679 514 1764 „Hermanno
579 1681 651 1750 Sed
685 1701 764 1765 nos,
816 1678 978 1770 quicquid
1008 1679 1121 1749 dicant
1152 1677 1201 1744 rei
1228 1677 1387 1747 metricae
1514 1707 1515 1718 ¹

277 1780 422 1871 „periti,
447 1789 590 1874 propter
607 1783 778 1874 grauiores
789 1783 933 1850 rationes
945 1781 1121 1902 vulgatam
1139 1777 1318 1847 lectionem
1330 1803 1388 1848 re-

277 1883 505 1966 „stituendam
524 1905 706 1954 censemus.
756 1883 896 1957 Naml.
910 1883 1032 1974 positio
1048 1883 1138 1950 vocis
1158 1881 1243 1950 inter
1258 1907 1388 1976 taurya-

222 2067 224 2080 Ι
275 1985 426 2107 „sem
439 1993 474 2054 et
494 1984 747 2080 χρυσιοφιγγὲς
776 1982 859 2053 huic
884 1985 1035 2056 lectioni
1050 1983 1185 2052 omnino
1209 1978 1316 2065 la'vct3
1354 1992 1390 2052 et

277 2083 343 2171 „2
365 2079 468 2160 aidis
487 2108 553 2179 pro
566 2087 624 2156 dei
639 2087 790 2179 epitheto
805 2109 988 2176 nusquam,
1013 2086 1108 2180 quod
1123 2087 1280 2198 sciamus,
1306 2086 1389 2154 alibi

277 2188 447 2280 „legitur3
473 2200 509 2258 et
528 2189 563 2258 3.
555 2233 583 2276 .,
608 2190 635 2258 si
647 2189 721 2281 quis
737 2192 832 2260 locus
846 2191 1036 2276 exstaret,
1027 2213 1061 2258 ιιι
1075 2212 1144 2280 quo
1135 2189 1215 2257 uni
1231 2211 1272 2257 ex
1294 2197 1390 2260 cete-

277 2312 421 2376 „rorum
441 2289 583 2361 deorum
602 2294 702 2362 turba
721 2290 792 2363 hoc
808 2291 983 2384 epitheton
999 2293 1180 2378 tribuatur,
1205 2291 1305 2360 valde
1322 2291 1389 2360 du·
1514 2289 1515 2296 ’

277 2394 472 2482 ‚,bitamns,
503 2417 546 2464 au
568 2406 749 2490 propterea
775 2396 813 2464 id
833 2396 917 2466 Pani
935 2397 1084 2466 tribuere
1102 2403 1227 2488 poetae
1244 2395 1391 2462 liberum

194 2541 199 2546 -
278 2506 405 2581 „esset
455 2497 504 2566 At
516 2497 691 2572 casaiola
706 2496 751 2568 de
767 2499 851 2568 Sole
870 2508 965 2570 recte
977 2499 1062 2584 dici,
1088 2508 1122 2568 et
1139 2519 1218 2567 cum
1232 2520 1390 2593 χρυσεο-

277 2597 541 2771 ’tillidi
555 2601 752 2772 :titii
758 2602 1088 2789 a11¹¹⁸⁸⁸i“‘
1127 2597 1392 2772 iiiiii.

277 2722 321 2868 in
339 2823 454 2871 caussa
473 2803 631 2890 fecimus,
656 2827 761 2894 quum
781 2803 827 2873 ad
816 2697 1196 2893 sedddrditdrddodris,
1225 2813 1263 2871 ut
1275 2825 1393 2872 exem-

250 2901 252 2910 '
277 2903 346 2995 plis
367 2913 589 2974 monstrarunt
604 2907 763 2976 Editores
782 2906 980 2990 doctissimi,
1011 2903 1216 2996 reprehendi
1234 2913 1394 2992 nequeat

278 3004 351 3075 Sed
371 3008 501 3077 adeone
521 3029 640 3100 pamm
660 3007 711 3076 illi
730 3017 838 3076 metra
857 3016 992 3092 curant,
1024 3015 1063 3074 ut
1090 3005 1190 3074 etiam
1216 3024 1304 3094 quae
1333 3029 1395 3078 re-

155 3186 160 3192 ,
263 3116 431 3202 'pugnent
455 3120 580 3196 metro,
607 3108 822 3179 defendenda
841 3107 986 3201 putent?
1016 3109 1096 3179 Non
1117 3129 1228 3177 sumus
1250 3107 1392 3198 quidem

263 3229 339 3280 ‘nos
363 3213 411 3280 ita
430 3223 615 3283 metrorum
635 3213 793 3292 studiosi,
823 3222 862 3282 ut
881 3233 951 3281 non
972 3232 1103 3282 sensum
1120 3211 1229 3302 prius,
1255 3219 1290 3280 et
1312 3233 1391 3279 eum

278 3312 417 3402 quidem
445 3321 523 3382 ante
546 3317 659 3384 onmia
682 3314 929 3406 respiciendum
958 3335 1166 3389 censeamus:
1201 3313 1268 3382 lsed
1294 3316 1391 3382 metri

277 3416 369 3486 hano
394 3424 485 3485 certe
515 3415 582 3486 vim
612 3437 685 3486 esse
709 3420 924 3506 arbitramur,
965 3429 1004 3487 ut
1027 3418 1073 3488 de
1094 3417 1175 3485 vitio
1198 3416 1390 3502 admoueat,

279 3519 407 3588 etiamsi
428 3518 538 3588 sulvus
554 3518 596 3588 sit
608 3538 727 3590 sensus.
766 3523 879 3610 Atque
894 3519 964 3590 hoc
979 3509 1115 3610 quiidem
1134 3519 1169 3588 in
1184 3519 1388 3611 fragmento,
1514 3535 1515 3568 l

278 3621 375 3713 quod
394 3643 534 3691 numero
553 3623 733 3715 septimum
752 3631 805 3692 est
823 3623 916 3715 apud
937 3624 1144 3706 Gesnerum,
1175 3631 1303 3690 tautum
1325 3623 1388 3690 ab·

264 3748 349 3794 =esse
369 3727 586 3818 putabamus,
611 3737 649 3795 nt
667 3736 810 3819 propter
827 3749 959 3795 sensum
981 3725 1170 3796 emendatio
1192 3734 1303 3793 nostra
1322 3725 1388 3792 im-

144 3839 147 3846 '
266 3829 459 3916 'probanda'
472 3838 571 3912 esset,
596 3838 634 3898 ut
653 3852 674 3898 a
693 3853 789 3900 sensu
809 3830 962 3898 nonnihil
978 3831 1077 3898 etiam
1092 3824 1388 3896 commendationis
1514 3917 1515 3928 ἵ

267 3929 469 4000 habituram
483 3933 731 4023 speraverimus.
781 3933 879 4017 Quae
899 3954 979 4001 vero
998 3933 1060 4000 tria
1077 3939 1277 4022 argumenta
1298 3939 1386 3998 attu-
1514 3987 1515 4032 3

280 4031 390 4099 lerunt
409 4035 565 4102 Editores
586 4035 873 4126 praestantissimi,
906 4035 1026 4128 quibus
1047 4034 1219 4125 vulgatam
1242 4034 1387 4123 seriptu-

118 4161 123 4174 ·
261 4148 355 4200 ‘ram
377 4133 614 4222 defenderent,
649 4159 764 4206 eorum
788 4138 916 4206 nullum
942 4145 1006 4222 est,
1037 4160 1107 4226 quo
1124 4136 1179 4221 id,
1210 4135 1305 4224 quod
1325 4155 1387 4203 vo-

281 4236 373 4320 lunt,
407 4237 544 4307 efficere
567 4261 665 4330 posse
688 4241 871 4313 videantur.
930 4243 1018 4309 Nam
1039 4239 1133 4329 quod
1157 4238 1201 4306 de
1221 4237 1388 4330 positione

283 4349 316 4408 et
337 4337 455 4407 ordine
474 4344 652 4413 verborum
672 4343 756 4412 iusto
779 4344 911 4438 dicunt,
945 4349 1050 4432 saepe⁸
1061 4343 1122 4410 ille
1142 4342 1321 4432 neglectus·
1335 4361 1390 4409 re-
