3120 5030
390 345 631 440 sltRMOle
660 346 901 410 HOMERICI
933 347 1044 410 mss,
1067 347 1091 408 1.
1259 350 1301 414 31

57 547 60 552 ·
185 519 206 584 1.
230 541 259 586 e.
285 515 446 586 obducat
469 518 559 589 iicet.
611 518 781 606 Quoniam
804 529 934 607 autem,
967 543 1055 610 quoe
1076 519 1150 590 sola
1170 519 1303 614 cogita-

158 619 276 688 ·tione
314 619 513 712 finguntur,·
547 620 590 691 ad
630 621 854 715 experientiae
888 625 1061 694 veritatem
1095 632 1302 716 computata,

185 747 255 794 non
275 747 314 793 re
334 747 425 793 vera.
438 724 539 810 fiunt,
581 727 642 795 sed
663 737 807 817 possunt
831 729 919 796 fieri:
961 737 1219 799 consentaneum
1244 737 1303 812 est,

184 828 357 918 optativo,
390 850 478 918 quae
499 830 629 920 possint
648 829 738 918 iieri,
769 831 960 923 significari.
1018 831 1119 920 lsque
1145 831 1303 919 frequens

186 929 282 1021 apud
300 931 489 1000 Homerum
511 955 587 1000 usus
609 942 668 1002 est.
722 931 790 1006 03.
811 961 850 1027 μ.
876 933 961 1002 112.
986 937 1022 1008 εἰ
1033 932 1070 1020 d'
1093 922 1160 1024 σίνε
1178 927 1222 1030 dq'
1234 956 1302 1026 μοι

185 1034 320 1120 τοῦτο,
353 1029 443 1119 θεά,
478 1036 649 1132 νημερτὲς
672 1037 811 1121 ἔνισπε,
838 1037 883 1109 αἴ
898 1063 970 1116 πως
1000 1030 1067 1133 νήν
1098 1029 1207 1132 ὀλοήν
1233 1035 1302 1127 μὲν
1350 1047 1353 1054 “

188 1132 503 1232 ὑπεκπροφύγοιμι
527 1131 745 1234 Χάρυβδιν,
770 1134 839 1236 τήν
866 1143 909 1212 3ε’
928 1141 960 1210 ν’
986 1135 1213 1235 α’μυναίμην,
1239 1136 1302 1210 ὅτε

184 1264 252 1331 μοι
276 1233 417 1312 σίνοίνά
437 1236 472 1331 γ’
497 1239 671 1336 ἑταίρους.
723 1243 812 1310 Vide
835 1242 931 1316 liiad.
955 1269 990 1314 ω.
1007 1241 1067 1309 60.
1088 1267 1117 1313 ε.
1143 1239 1230 1310 192.
1255 1239 1349 1330 (5015

98 1401 112 1418 2
188 1339 291 1430 299.)
324 1351 351 1427 ζ.
378 1338 465 1410 452.
497 1371 531 1441 η.
557 1343 643 1411 231.
673 1353 712 1419 θ.
744 1344 831 1414 291.
858 1373 890 1417 ν.
919 1342 1009 1412 loct
1039 1341 1125 1411 111.
1162 1353 1188 1427 ξ.
1213 1339 1300 1414 241.

187 1471 218 1517 ο.
240 1442 327 1512 136.
349 1443 435 1514 138.
463 1473 494 1542 ρ.
509 1443 595 1514 640.
617 1474 649 1538 χ.
665 1447 751 1516 348.
775 1477 812 1520 ω.
828 1447 914 1517 149.
936 1447 1005 1517 03.
1018 1475 1062 1518 α.
1082 1441 1168 1514 254.
1188 1453 1223 1538 β.
1239 1440 1300 1512 52.

183 1576 216 1640 7.
243 1543 329 1615 319.
345 1552 385 1625 d.
412 1547 499 1621 161.
521 1547 608 1622 560.
636 1550 689 1641 (ε.
715 1551 774 1620 11.
806 1550 892 1619 142.
913 1577 946 1647 ρ,
972 1548 1083 1640 146.)
1107 1577 1134 1622 ε.
1156 1547 1243 1620 166.
1276 1576 1301 1620 ι.

184 1647 271 1716 126.
301 1675 326 1717 ε.
347 1679 377 1724 ν.
402 1651 489 1722 434.
513 1655 543 1724 λ.
568 1650 653 1722 366.
681 1681 719 1747 μ.
734 1653 833 1724 281.
864 1665 892 1738 ξ.
919 1653 1002 1722 120.
1033 1647 1181 1725 π.-251.
1213 1647 1300 1719 291.

184 1751 271 1826 305.
295 1780 328 1826 ν.
347 1753 433 1824 383.
462 1783 494 1846 χ.
512 1754 597 1824 138.
618 1783 655 1830 ω.
673 1756 759 1827 189.
782 1781 807 1825 ε.
830 1752 917 1826 532.
942 1757 1034 1826 Ηίσα
1057 1757 1115 1840 fit,
1141 1765 1180 1824 ut
1198 1777 1301 1847 saepe

184 1856 412 1927 coniunctione
429 1869 476 1928 set
496 1859 664 1950 optativus
688 1861 723 1929 in
747 1861 868 1932 eadem
893 1860 1139 1933 constructione
1160 1860 1303 1929 oouiuu-

183 1969 322 2052 g³¹¹i¹¹ra
363 1972 401 2032 ut
426 1962 467 2029 Il.
493 1988 524 2035 o.
550 1962 635 2032 301.
671 1959 765 2040 ἀλλά
784 1961 875 2059 μάλ’
903 1962 1018 2060 άντην
1041 1956 1245 2060 στήσομαι,
1277 1957 1302 2058 ἤ

183 2063 1302 2264 ίί.916ίὲ693111919191999911.ίῖΜῖ

544 2217 554 2254 ‚
1071 2220 1079 2236 .
1292 2213 1300 2234 .

182 2266 270 2335 244.
300 2293 394 2358 seqq.
432 2270 500 2340 03.
534 2298 575 2364 μ.
600 2269 687 2340 156.
717 2297 742 2341 ε.
768 2274 870 2343 Vnde
902 2282 929 2355 ξ.
952 2270 1038 2340 183.
1068 2271 1301 2340 scribendum:

181 2365 266 2442 ἀλλ’
288 2369 374 2466 ἦτοι
397 2377 515 2444 νεῐνον
527 2374 596 2464 μὲν
615 2368 789 2466 ἐάσομεν,
816 2373 841 2469 ἤ
866 2401 925 2446 ιιεν
944 2368 1051 2468 άλοίῃ,
1078 2372 1102 2469 ἦ
1122 2400 1163 2444 ιιι
1177 2367 1301 2465 φύγοι,

182 2471 244 2546 καὶ
260 2475 320 2546 νίν
338 2480 376 2546 οἱ
400 2471 557 2570 ὑπέρσχῃ
578 2481 681 2570 χεῖρα
702 2475 890 2571 Κρονίωνι
922 2497 1084 2566 compare
1101 2475 1142 2542 ll.
1165 2477 1196 2546 d.
1214 2471 1299 2542 249.

180 2577 260 2643 Non
290 2575 461 2644 debebam
488 2577 522 2644 in
552 2577 781 2648 dissertatione
812 2579 857 2646 de
877 2578 1074 2670 praeceptis
1099 2576 1301 2666 quibusdam
1448 2577 1452 2604 ¹

148 2702 152 2710 ·
181 2679 410 2748 Atticistarum
440 2702 477 2771 p.
501 2679 561 2748 18.
589 2681 634 2750 ad
658 2679 748 2752 hanc
772 2683 1052 2752 constructionem
1067 2682 1154 2749 iilud
1172 2680 1301 2750 referre
1433 2717 1436 2724 ⁴

182 2780 251 2853 03.
277 2810 310 2872 χ.
335 2779 395 2852 15.
422 2784 479 2858 ἐπὶ
504 2779 539 2856 d'
564 2780 665 2877 αὐτῷ
690 2779 822 2868 πάντες
845 2787 982 2877 ἔχωμεν
1009 2779 1169 2878 ἁθρόοι,
1202 2787 1240 2858 εἴ
1260 2784 1303 2857 ιε’

181 2911 247 2976 μιν
262 2883 375 2958 ου’ὃοῦ
389 2879 582 2979 ἀπώσομεν
598 2885 660 2983 ἠδὲ
676 2882 837 2983 θνράων,
865 2889 1030 2981 ἔλθωμεν
1047 2884 1083 2962 d’
1103 2880 1176 2960 α’νά
1191 2886 1298 2974 doto,

180 2980 253 3084 βοή
277 2985 312 3061 d'
336 2988 471 3062 ὤκιστα
493 2991 649 3082 γίνοιτο.
701 2991 790 3059 Num
817 2991 867 3059 ibi
883 2991 1012 3060 maiore
1030 2991 1299 3080 interpunctione

102 3139 106 3146 .
180 3099 259 3181 post
279 3088 372 3164 άσνσ
388 3093 517 3183 potita,
543 3115 631 3181 quae
653 3105 854 3181 sequuntur,
880 3115 949 3162 non
975 3095 1127 3185 pendent
1146 3115 1188 3160 ex
1215 3115 1299 3184 par-

179 3194 285 3262 ticula
306 3197 357 3276 εἰ,
392 3195 453 3263 εε3
473 3217 537 3285 per
564 3219 600 3263 se
626 3198 736 3287 posita
763 3206 856 3281 sunt,
895 3196 966 3266 hoe
985 3219 1098 3265 sensuz
1130 3203 1205 3264 tum
1227 3205 1299 3288 po-

180 3296 263 3364 terit
287 3298 460 3366 auxilium
491 3299 674 3368 advocari.
735 3300 793 3370 Sic
816 3300 938 3368 eadem
954 3303 1059 3370 verba
1079 3299 1299 3391 intelligenda

180 3409 256 3468 sunt
279 3401 380 3468 etiam
406 3425 437 3470 r.
460 3401 546 3471 133.
605 3402 739 3474 Eadem
769 3405 855 3472 ratio
877 3404 1040 3494 loquendi
1068 3403 1201 3494 saepius
1235 3422 1298 3470 oc-

180 3506 302 3572 currit:
335 3507 493 3597 exemplo
514 3507 549 3574 in
573 3506 694 3574 eadem
717 3507 948 3578 dissertatione
968 3507 1093 3576 eadem
1109 3504 1237 3600 pagiua
1257 3524 1299 3571 ex

179 3605 220 3674 ll.
242 3634 273 3704 η.
294 3605 355 3675 41.
378 3631 402 3674 ε.
422 3610 526 3678 aliato
553 3610 644 3676 udde
667 3617 702 3702 β.
724 3607 812 3677 160.
839 3638 871 3701 μ.
895 3607 956 3676 53.
982 3613 1013 3680 λ.
1035 3607 1123 3681 802.
1148 3605 1299 3674 videtur·-

180 3731 249 3798 que
271 3733 313 3778 ca
334 3711 434 3779 etiam
454 3713 489 3779 iu
514 3711 716 3782 coniunctiri
733 3735 796 3784 usu
815 3710 1017 3780 restituenda
1044 3740 1076 3805 y.
1099 3708 1187 3778 411.
1239 3707 1297 3780 Ad

178 3809 419 3901 hannonem,
446 3815 491 3884 de
514 3837 582 3906 quo
599 3815 747 3908 agimus,
774 3816 915 3906 optativi
938 3837 1035 3884 usum
1056 3814 1298 3904 pertinentiila
1326 3881 1330 3899 ,

178 3939 318 4007 quoque
345 3921 520 4010 exempla,
553 3921 588 3987 in
615 3919 735 4008 quibus
759 3919 937 3988 voluntatis
966 3917 1135 4008 quaedam
1165 3918 1298 4010 signiti-

140 4107 145 4122 ·
180 4022 271 4091 catio
299 4022 456 4092 adiuncta
480 4026 643 4110 cernitur,
684 4033 722 4092 ut
753 4022 822 4094 03.
850 4027 880 4096 3.
904 4020 991 4090 631.
1027 4020 1101 4094 σάν
1129 4023 1189 4096 νίν
1219 4017 1296 4094 τιν’

179 4119 423 4218 ἐλασσάμενος
452 4127 696 4226 δαμασαίμην.
756 4128 811 4195 Ea
839 4125 886 4193 ad
910 4124 1093 4194 secundam
1122 4125 1297 4194 tertiamve

97 4233 103 4240 ’
176 4240 359 4317 personam
383 4231 558 4317 translata,
597 4253 700 4323 saepe
724 4229 890 4299 monentis
915 4227 972 4298 vel
997 4229 1140 4328 iubentis
1168 4238 1235 4314 est,
1260 4235 1299 4298 ut

176 4329 218 4400 li·
239 4361 278 4406 ω.
300 4331 386 4403 149.
416 4329 524 4444 ιη’ροξ
547 4333 603 4418 τίς
626 4341 664 4434 οἱ
687 4339 814 4410 ἕποιτο
841 4332 1068 4432 γεραίτερος,
1100 4342 1173 4402 tum
1194 4333 1296 4399 etiam
