3078 5026
505 331 822 444 orssaarrruo
849 381 885 442 11.
1191 383 1254 448 rso

140 552 294 625 docuisse
317 551 478 623 credibile
502 560 568 638 est,
602 553 686 643 quid
705 551 798 623 aliud
822 573 924 640 quarn
942 550 1096 622 Athenas
1118 551 1253 622 redierit

141 679 276 726 neeesse
297 666 365 742 est,
396 658 510 745 ibique
534 656 636 725 luerit
661 654 802 746 Olymp.
822 655 959 724 LXXX
983 654 1019 729 2.
1044 677 1148 744 quum
1168 679 1253 750 age-

141 770 232 828 retur
253 757 413 844 Oresten,
443 767 564 850 postea
585 768 697 828 autern
719 781 830 828 rursus
852 759 887 825 in
906 758 1055 854 Siciliam
1077 780 1113 826 se
1133 770 1253 828 contu-

140 864 233 949 lerit,
266 863 325 930 ubi
345 859 485 953 Olyrnp.
508 862 661 932 LXXXI.
687 862 720 929 l.
751 869 901 930 mortuns
928 853 1004 930 est?
1033 859 1253 930 Coniecturae
1351 885 1356 896 ·

139 990 202 1060 per
218 989 254 1035 se
270 965 440 1055 probabili
457 965 562 1032 fidem
579 961 659 1056 facit
672 966 724 1051 is,
744 965 802 1054 qui
817 964 920 1033 vitam
933 963 1095 1053 Aeschyli
1109 964 1254 1055 scripsit:

139 1073 200 1160 qui
223 1090 329 1158 quum
352 1067 560 1158 Aeschylum
582 1068 689 1155 dicat,
720 1077 900 1158 postquam
923 1067 958 1136 iu
972 1067 1123 1136 Siciliam
1146 1067 1255 1136 venis-

143 1163 457 1267 set,'dmcr2'oovcc
473 1167 601 1266 τρίτον
623 1173 702 1252 ἔτος
720 1170 812 1239 diem
832 1171 969 1255 obiisse,
995 1170 1185 1261 planissime
1198 1193 1254 1237 ra-

141 1277 249 1344 tiones
272 1283 398 1340 nostras
421 1274 631 1363 comprobat.
683 1275 772 1342 Nam
795 1275 823 1340 si
845 1282 924 1364 post
945 1283 1055 1342 aetam
1078 1273 1254 1344 Oresteam

139 1381 174 1448 in
188 1377 339 1448 Siciliam
361 1376 441 1444 abiit
459 1375 668 1476 Aeschylus,
693 1386 759 1444 tres
777 1376 821 1444 ab
846 1400 888 1445 eo
908 1386 1064 1466 tempore
1083 1377 1168 1446 anui
1181 1384 1255 1444 sunt

138 1502 245 1571 nsque
274 1479 320 1546 ad
345 1488 489 1548 mortem
521 1479 599 1547 eius.
656 1479 713 1552 At,
737 1478 900 1570 repudiat
931 1477 1024 1547 huuc
1055 1481 1254 1571 scriptorem

141 1582 355 1668 Boeclrhius,
381 1591 551 1671 tamquam
566 1591 874 1674 auotoremparum
891 1581 1061 1651 idoneum.
1086 1581 1256 1673 Aeschyli
1336 1577 1352 1654 ’.

141 1689 240 1759 ottae
260 1686 486 1779 amiptmm,
520 1686 627 1773 iuquit
646 1709 681 1777 p.
702 1681 764 1753 50.
785 1693 861 1754 tom
875 1706 1012 1778 parum
1027 1693 1255 1771 accuratum,

142 1790 205 1883 qut
236 1811 327 1856 anno
354 1789 484 1858 aetatis
516 1787 629 1858 LXV.
662 1785 802 1874 obiisse,
842 1810 934 1860 auno
958 1810 1042 1857 vero
1067 1787 1190 1859 LXII.
1218 1788 1255 1857 in

140 1892 302 1963 Siciliam
324 1891 376 1960 ud
391 1891 582 1961 [Heronem
603 1893 738 1960 aenon
754 1891 970 1983 Aeschylum
997 1891 1127 1978 eadit,
1152 1913 1254 1962 nemo

132 1992 331 2090 postulabit
368 2003 407 2064 ut
439 2003 503 2066 out
537 1995 745 2083 &dionius
760 1993 972 2089 effuternus,
1023 2003 1087 2066 aut
1115 1995 1190 2064 eius
1217 1996 1254 2064 iu

137 2096 366 2168 subducendo
404 2098 543 2168 calculo
575 2099 748 2166 rationem
781 2097 976 2166 luobeomus
1001 2099 1251 2191 praecipuam.

21 2209 23 2216 ’
137 2201 316 2287 Quaenam
334 2221 416 2269 vero
438 2208 514 2269 suut
531 2199 609 2283 illa,
641 2222 729 2287 quae
750 2208 788 2266 ut
808 2221 930 2291 parum
950 2209 1106 2270 accurate
1129 2201 1254 2268 tradita

135 2303 276 2396 culpat?
300 2304 417 2370 Primo
440 2327 476 2395 p.
493 2299 554 2369 49.
573 2301 782 2392 Aeschylum
802 2302 988 2371 secundum
1008 2303 1096 2371 vitae
1109 2302 1253 2392 scripto-

15 2495 17 2504 ‚
135 2431 210 2476 rem
228 2429 272 2474 ue
297 2405 444 2496 attigisse
466 2402 604 2492 quidem
632 2404 715 2472 dicit
737 2403 950 2500 Olympiadis
971 2403 1108 2472 LXXX.
1130 2427 1253 2471 aunum

135 2507 333 2580 secundum.
383 2508 432 2576 At
446 2528 609 2594 nusquam
629 2505 700 2575 hoc
715 2506 775 2574 ille
791 2505 882 2572 dixit.
932 2505 1098 2574 Nimirum
1113 2508 1160 2575 ita
1175 2529 1253 2575 eum

138 2613 340 2682 existimasse
358 2631 399 2678 ex
421 2633 463 2677 eo
484 2609 618 2699 colligit
632 2608 852 2694 Boeclrhius,
863 2609 959 2698 quod
972 2610 1183 2700 Aeschylum
1206 2610 1252 2677 ad

136 2716 342 2798 Hieronem,
382 2712 440 2806 qui
469 2722 619 2781 mortuus
640 2721 690 2782 est
718 2711 857 2804 Olymp.
873 2712 1061 2782 Lxxvffl.
1078 2712 1112 2781 2.
1133 2713 1252 2804 prole-

139 2827 232 2888 ctum
252 2840 342 2902 esse,
382 2826 416 2884 et
441 2815 540 2884 tertio
567 2824 645 2906 post
674 2837 780 2902 annu,
821 2838 926 2905 quum
955 2839 1078 2885 annum
1110 2817 1255 2886 haberet

139 2919 246 3006 LXV,
275 2919 423 3007 ideoque
458 2918 502 2985 ad
526 2941 692 2987 summurn
712 2917 853 3010 Olymp.
879 2919 1033 2988 LXXIX.
1064 2919 1098 2991 l.
1131 2921 1252 2990 obiisse
1377 2998 1380 3007 ¹

137 3033 259 3098 narret.
315 3022 410 3108 Quid
440 3043 540 3108 vero,
580 3023 624 3109 si,
665 3023 760 3113 quod
800 3023 930 3114 lactum
960 3039 1031 3092 esse
1059 3023 1148 3092 infra
1179 3046 1245 3113 ap·
1253 3035 1295 3096 22

138 3127 288 3218 parebit,
327 3127 416 3195 vitae
444 3125 607 3216 scriptor,
640 3124 789 3193 diversos
818 3133 972 3193 auctores
1001 3135 1175 3214 sequutus,
1210 3146 1252 3194 ex

139 3231 208 3298 alio
224 3227 316 3297 aliud
329 3228 522 3297 adnotavit?
546 3229 635 3296 Nam
650 3228 776 3296 etiamsi
789 3228 924 3297 codices
939 3249 1007 3296 nou
1028 3217 1255 3315 ostenderent·
1289 3297 1293 3302 .
1407 3254 1411 3264 ·

138 3331 225 3402 nihil
244 3332 334 3403 hanc
353 3333 458 3401 vitam
477 3331 539 3398 nisi
562 3328 766 3422 sartagmem
784 3330 1050 3424 fragmentorum
1072 3356 1153 3423 esse,
1179 3332 1251 3421 quis

138 3437 413 3530 grammaticum,
447 3432 505 3523 qui
528 3442 597 3502 tam
619 3432 795 3526 paneade
816 3433 1008 3525 Aeschylo,
1050 3458 1158 3525 eaque
1180 3444 1250 3502 tam

140 3539 280 3609 confine
300 3539 424 3628 scripta
438 3533 626 3626 reliquerit,
650 3559 730 3622 non,
756 3537 922 3627 quidquid
942 3537 1002 3607 hic
1018 3539 1090 3607 illic
1101 3536 1253 3626 legisset,

139 3641 302 3710 adnotare
323 3642 398 3710 sutis
413 3639 585 3725 habuisse,
611 3639 671 3707 sed
683 3662 845 3728 quaerere
860 3639 905 3708 de
921 3638 974 3707 his
990 3642 1090 3709 rebus
1104 3639 1251 3731 diligen-

137 3747 222 3832 tius,
249 3751 284 3814 et
306 3741 610 3834 ad01ympiadum
630 3750 732 3810 anuos
746 3741 879 3834 singula
896 3742 1088 3834 expendere
1111 3751 1169 3810 out
1187 3765 1251 3810 vo-

136 3849 238 3920 luisse
252 3857 310 3916 aut
321 3847 468 3940 potuisse
480 3845 620 3916 credat?
647 3845 795 3914 Tantum
812 3865 896 3938 ergo
913 3847 1022 3932 abest,
1043 3841 1251 3938 utMusgra·
1318 3932 1323 3943 .

137 3951 230 4020 dum
257 3950 507 4042 reprehendere
528 3947 683 4018 debuerit
699 3949 911 4036 Boeckhim,
946 3950 1040 4040 quod
1066 3949 1251 4020 secuudum

136 4056 226 4124 ritae
245 4054 444 4144 scriptorem
471 4053 627 4145 tempore
649 4077 791 4146 pugnae·
815 4054 1017 4124 Salamirdae
1043 4052 1252 4143 Aeschylum
1312 4139 1316 4152 ,

137 4157 364 4250 quadraginta
375 4179 477 4226 annos
492 4155 648 4226 habuisse
661 4156 840 4244 censuerit,
863 4163 904 4226 ult
917 4160 1037 4252 magis,
1054 4158 1115 4227 nisi
1132 4156 1251 4226 illude
1271 4185 1273 4190 ·

137 4262 190 4330 bis
216 4261 298 4332 actis
324 4260 565 4330 Eumeuidibus
589 4263 748 4352 opinione
774 4260 991 4352 praepeditus
1017 4256 1149 4349 fuisset,
1182 4283 1251 4328 uon

135 4365 299 4462 potuisset
317 4363 559 4457 conprobare
586 4365 729 4437 rationes
756 4363 957 4459 Musgravii,
998 4367 1095 4438 unius
1122 4373 1250 4434 tautum
