3058 5046
506 317 856 416 ¹mssuusfflo.
1188 355 1254 422 aaa

140 531 313 618 raptama
332 520 575 612 Phoenicibus,
615 529 650 593 et
670 522 705 591 in
729 522 928 616 Aegyptum
948 530 1153 616 asportatam
1172 545 1253 596 esse.
1301 509 1303 514 ’

138 630 229 709 Nam
251 627 355 695 verba
379 620 448 724 τήν
478 620 622 718 Ἰνάχου
650 625 738 694 bene
769 625 950 696 vindicavit
975 628 1196 700 Buttmannus
1218 628 1254 696 in

139 730 266 800 Museo
281 729 368 805 stud.
394 730 495 818 antiq.
512 729 716 798 Gennonico
732 729 799 798 vol
815 729 860 796 11.
877 731 975 798 P.11.
995 751 1032 820 p.
1046 729 1132 798 ool.
1158 752 1253 821 seqq.

139 834 193 903 Ita
213 833 316 925 igitur
332 856 437 924 quum
459 823 565 900 modo
588 831 738 926 Argivae
759 831 932 918 mulieres,
961 833 1067 902 modo
1082 833 1254 901 exundan-

140 946 191 1006 tes
214 960 322 1026 aquae
345 936 401 1005 vel
422 935 509 1020 Nili,
540 936 596 1004 vel
615 934 750 1026 paludis
768 934 969 1020 Maeotidis,
994 936 1051 1005 vel
1075 935 1167 1004 flaui
1193 958 1255 1006 cu-

138 1041 282 1131 iuspiam
302 1038 423 1131 Argivi
447 1038 569 1107 eodem
587 1038 644 1106 Ius
667 1039 803 1107 nomine
817 1027 1023 1124 dicerentur,
1048 1046 1184 1129 poetae,
1209 1036 1254 1106 de
1298 1095 1304 1110 ,

136 1144 411 1234 interpretatione
424 1141 616 1210 fabularum
631 1142 757 1228 securi,
783 1144 897 1210 omnia
913 1143 957 1210 ad
974 1165 1075 1210 unam
1090 1141 1255 1232 Argivom

137 1247 291 1338 puellam
311 1246 510 1333 retulerunt,
537 1255 589 1329 et,
615 1267 684 1334 quo
702 1269 742 1314 ea
758 1252 838 1335 apte
857 1245 1115 1339 coniungerent,
1132 1246 1255 1330 „varias

139 1372 291 1420 errorum
307 1349 364 1418 lus
387 1348 626 1440 descriptiones
648 1355 897 1420 contexuerunt

241 1553 313 1624 Sed
336 1553 441 1640 redeo
466 1553 501 1620 in
525 1553 623 1620 viam
673 1552 803 1643 Libya,
830 1553 899 1620 sive
915 1549 1097 1643 Oppletia,
1123 1573 1164 1619 ex
1183 1550 1255 1620 Ne-

102 1643 105 1650 ’
137 1665 247 1750 ptuno
273 1656 361 1748 parit
381 1649 563 1755 Ἀγήνορα
579 1664 613 1722 et
637 1655 780 1752 Βῆλον,
806 1655 1010 1726 Ducentium
1024 1664 1057 1723 ct
1070 1655 1254 1724 Liminemz

19 1757 20 1760 '
137 1760 235 1851 quod
258 1763 309 1830 e'st
331 1761 467 1829 navibus
492 1759 622 1828 delatos
644 1758 688 1825 ad
712 1758 879 1849 Libyam,
912 1759 995 1827 alios
1015 1752 1150 1850 longius
1168 1779 1254 1848 pro-

137 1869 272 1956 gressos
296 1885 384 1952 esse,
411 1863 495 1930 alios
521 1863 555 1929 iu
580 1862 654 1953 ipsa
674 1884 734 1930 ora
756 1863 923 1932 mansisse.
973 1863 1096 1932 Limen
1112 1883 1253 1930 uxorem

138 1967 234 2036 duxit
247 1959 458 2062 Ἀγχινόην,
479 1967 729 2052 Proximinam,
754 1967 861 2034 filiam
877 1965 965 2051 Nili,
991 1988 1033 2034 ex
1048 1987 1117 2055 qua
1141 1966 1254 2057 gemi-

137 2092 200 2140 nos
218 2070 381 2159 suscepit,
407 2070 597 2161 Αἴγυπτον
611 2077 645 2135 et
659 2068 831 2154 Δαναόν,
856 2069 1042 2137 Volucrem
1059 2077 1092 2136 et
1114 2068 1253 2136 Naucu-

137 2173 277 2243 larium:
303 2167 447 2261 quorum
463 2169 610 2268 Volucer
627 2171 788 2238 Arabiam
805 2170 920 2260 petiit,
946 2170 1168 2238 Naucularius
1192 2193 1254 2238 au-

136 2286 209 2345 tem
230 2275 375 2363 Libyam
402 2271 517 2346 tenuit.
577 2273 745 2362 Apertum
766 2281 832 2357 est,
867 2281 1007 2363 coptum
1034 2294 1075 2340 er
1098 2282 1255 2363 tempore
1312 2267 1316 2272 ’

137 2381 184 2464 ab
209 2376 364 2460 advenis,
396 2375 455 2463 qui
480 2384 686 2458 manserant,
719 2375 896 2444 consilium
919 2375 1005 2459 dici,
1039 2397 1183 2464 quorum
1198 2374 1255 2441 alii

116 2480 300 2558 ,Arabiam
318 2477 534 2568 occuparint,
561 2499 726 2566 equorum
748 2478 928 2548 velocitate
948 2477 992 2544 ad
1016 2478 1148 2566 rapinas
1171 2500 1255 2548 con-

56 2635 58 2640 ·
136 2583 243 2668 versi,
269 2581 327 2672 qui
344 2603 418 2649 mos
436 2580 480 2648 ad
503 2579 708 2650 hodiernum
727 2603 834 2670 usque
851 2580 943 2648 diem
958 2583 1079 2648 mansit
1093 2581 1255 2660 Arabiam

138 2687 198 2755 alii
214 2693 344 2771 autem,
369 2693 538 2753 manentes
560 2683 607 2752 ad
628 2707 739 2774 mare,
764 2683 969 2776 navigationi
988 2707 1129 2776 operam
1146 2683 1255 2752 dedc-

137 2791 214 2859 riot.
263 2789 354 2859 Hinc
375 2811 462 2878 quoe
484 2786 688 2857 Nauculario
705 2798 884 2858 nascuntur
899 2787 1138 2879 quinquaginta
1153 2788 1254 2874 tiliae,

138 2916 239 2962 naves
264 2915 335 2960 esse
360 2900 520 2984 apparet3
551 2891 741 2982 praedones
764 2902 896 2976 autem,
930 2892 989 2980 qui
1011 2891 1155 2962 totidem
1179 2901 1254 2964 sunt

138 2997 201 3064 lilii
229 2996 391 3066 Volucris.
444 2993 539 3079 Quos
574 3005 726 3064 metuens
757 2995 977 3064 Naucularius
1006 3017 1084 3064 cum
1118 2995 1252 3062 filiabus

139 3099 297 3190 confugit
310 3096 460 3194 Ἄργος,
486 3097 652 3167 Μὶοιιωιι.
700 3097 925 3166 Nihilominus
949 3118 991 3165 eo
1006 3118 1130 3166 venere
1143 3096 1254 3164 Volu-

139 3203 204 3271 cris
228 3201 305 3286 lilii,
330 3209 472 3291 nuptum
492 3199 568 3267 illas
585 3201 647 3267 sibi
661 3208 823 3291 petentes.
875 3198 1041 3285 Daturum
1057 3221 1098 3272 se
1109 3200 1255 3291 spondet

138 3305 381 3389 Naucularius,
414 3302 474 3371 sed
500 3304 589 3371 clam
612 3302 750 3370 mandat
770 3302 918 3386 filiabus,
932 3321 938 3332 ·
953 3309 992 3390 ut
1021 3301 1133 3393 p'rima
1154 3312 1255 3372 nocte

140 3429 280 3500 sponsos
297 3406 493 3475 interimant
519 3405 687 3475 Fecerunt
702 3404 739 3473 id
754 3405 849 3491 illae,
874 3414 1009 3495 praeter
1029 3428 1141 3489 unam,
1166 3428 1254 3495 quae

141 3533 317 3602 sponsum,
341 3508 436 3599 quod
460 3532 495 3577 se
517 3509 683 3600 virginem
699 3533 770 3578 esse
789 3511 934 3593 sivisset,
960 3509 1162 3577 incolumem
1183 3529 1255 3574 ser·

139 3617 240 3688 vovit.
291 3614 370 3683 Non
394 3620 442 3680 est
458 3613 664 3698 obscurum,
690 3634 790 3679 naves
814 3610 883 3679 dici
907 3634 928 3676 a
950 3610 1178 3700 praedonibus
1195 3631 1255 3678 oa-

137 3726 235 3808 ptas,
260 3717 320 3786 sed
345 3714 470 3785 deinde
483 3714 835 3806 naufragiumpassas‚
859 3722 994 3802 praeter
1007 3736 1127 3798 unam,
1152 3735 1255 3802 quam

139 3829 321 3911 tempestas
349 3840 428 3888 cum
459 3816 706 3908 praedonibus„
746 3817 805 3906 qui
828 3840 903 3885 eam
926 3824 1105 3909 ceperant,
1144 3816 1255 3885 redire

114 3925 176 4012 ,in
192 3931 329 4013 portum
345 3923 470 4014 coegit.
521 3920 618 3992 Haec
634 3919 729 4010 quod
750 3920 881 3990 felicius
901 3920 1092 4012 navigarat,
1116 3914 1252 4018 ‘Yusp-
1286 3998 1288 4002 ,

137 4018 325 4128 audoveo,
350 4024 537 4110 Praenisia,
563 4025 670 4095 dicta:
694 4025 906 4116 praedonum
928 4032 1059 4108 autem,
1092 4024 1151 4113 qui
1176 4032 1300 4094 eamlb
1333 4022 1335 4026 ’

139 4127 315 4212 tenebant,
356 4127 529 4219 vigilantia
550 4127 679 4217 Lyncei
700 4126 835 4196 nomine
859 4127 1056 4218 significata.
1112 4126 1253 4196 Praeni-

140 4230 224 4306 siom
264 4240 363 4323 pater
397 4228 617 4297 Naucularius
655 4229 792 4300 carcere
832 4230 1040 4319 aliquamdiu
1078 4230 1251 4314 inclusam,

138 4341 258 4425 postea
274 4335 415 4428 Lynceo
439 4353 578 4404 uxorem
600 4331 713 4404 dedit:
737 4333 759 4402 i.
777 4355 806 4404 e.
826 4333 1035 4426 praedones,
1060 4356 1166 4424 quum
1188 4354 1252 4424 spe
