3058 5046
386 362 623 426 uflEsAvul
654 363 985 428 STEHPANIANI.
1032 361 1033 368 '
1173 369 1239 432 280

124 536 164 608 ἰιι
187 535 276 604 viam
300 534 422 604 reversi
449 544 597 626 pergunt
628 535 802 605 Editores.
838 583 861 620 „
863 531 1035 628 Ἀγαλμα
1065 497 1189 628 passim
1217 563 1238 606 a

126 639 239 716 Poetis
257 639 400 719 sumitur
415 659 481 729 pro
495 639 624 722 Decus,
650 638 908 723 Ornamentum,
934 639 1105 708 Ιιιιιίοἱιιιι.ι
1095 648 1117 684 “
1167 643 1238 710 Ae-

125 745 222 831 quius
237 742 325 814 haec
340 741 519 827 ferremus,
545 763 572 810 ει
561 741 757 825 'fecisseut,
788 741 883 831 quod
900 741 1100 829 antiquiores
1123 727 1239 814 facere

126 845 296 929 solebant,
323 846 381 933 qui
408 845 443 911 in
465 844 672 936 marginibus
691 843 837 913 breviter
858 844 1081 933 adnotabant,
1114 844 1159 914 de
1173 870 1239 965 qua

5 989 7 997 ι
125 971 163 1018 re
186 968 297 1017 sermo
316 956 408 1014 esset
460 947 519 1018 Sic
536 957 645 1032 certe,
678 949 738 1037 qui
762 946 891 1038 aliquid
916 956 1135 1037 quaererent,
1175 949 1241 1036 im-

126 1073 242 1120 menso
267 1050 329 1118 illo
351 1050 462 1116 omnia
479 1049 681 1143 perlegendi
702 1051 821 1120 laboro
840 1051 975 1119 liberati
997 1051 1118 1124 forent.
1169 1051 1241 1120 Sed

128 1153 287 1248 quoniam
312 1154 357 1220 de
373 1173 459 1224 voce
482 1150 630 1254 ιῖγαλμιιι
655 1176 763 1223 sermo
785 1154 881 1223 uobis
909 1154 991 1239 fuit,
1024 1176 1093 1223 nou
1116 1155 1176 1222 abs
1203 1163 1245 1222 re·

128 1257 190 1326 erit
206 1278 471 1326 commemorare
483 1255 820 1341 dissertatiunculam,
847 1278 948 1345 quam
960 1281 1072 1326 meme
1086 1257 1240 1326 Februa-

127 1361 179 1430 rio
199 1359 299 1428 huius
322 1360 399 1427 anui
423 1357 500 1427 car:
526 1359 674 1432 Godofr.
699 1359 857 1445 Siebelis,
883 1368 995 1430 rector
1015 1360 1151 1428 scholae
1165 1361 1240 1430 Bu-

127 1457 286 1547 dissiuac,
312 1461 356 1531 de
374 1462 546 1530 vocabulis
566 1459 722 1555 ἄγαλμα,
750 1456 893 1545 ξόανον,
918 1472 951 1532 et
975 1456 1122 1559 ἀνδριάς
1145 1464 1239 1553 apud

125 1566 324 1634 Pausaniam
342 1564 465 1632 edidit:
517 1565 577 1632 etsi
590 1563 648 1634 hic
662 1564 769 1633 multo
782 1567 963 1656 pauciora,
989 1587 1092 1654 quam
1114 1565 1241 1636 doctis-

129 1669 205 1737 simi
226 1667 383 1736 Editores
406 1666 576 1748 Thesauri
606 1689 642 1756 p.
668 1663 753 1734 185.
784 1691 876 1758 seqq.
902 1669 1087 1753 dederunt,
1121 1670 1241 1754 attulit,

127 1772 163 1842 iu
184 1771 291 1860 iisque
307 1769 396 1854 hoc,
421 1768 516 1858 quod
538 1769 671 1838 mireris
687 1770 764 1839 viro
781 1771 915 1842 Graece
930 1795 998 1840 nou
1017 1771 1156 1842 indocto
1181 1794 1241 1840 ex-

128 1873 243 1944 cidere
257 1874 420 1965 potuisse:
460 1874 559 1958 „Pro
581 1895 666 1946 voce
687 1871 833 1968 ἄγαλμα
857 1875 980 1967 passim
1004 1874 1098 1965 apud
1122 1897 1242 1944 reeen-

127 1977 258 2063 „tiores
280 1984 458 2068 usurpatur
481 1971 631 2065 εόιιιον,
657 1977 751 2066 quod
776 1979 844 2048 iam
866 2003 887 2048 a
906 1979 1100 2048 Phavorino
1122 1980 1240 2049 obser-

126 2089 270 2168 „vatum
292 2091 342 2148 est
365 2080 513 2149 dicente·
552 2073 745 2173 ἀγάλματα
776 2077 879 2176 nupti
905 2089 982 2162 τοῖς
1006 2080 1160 2174 ὕστερον
1189 2073 1241 2152 roi
1308 2154 1311 2163 ,

121 2177 259 2267 1ξόαιιιι
286 2182 330 2251 cf.
349 2180 511 2250 Valcken.
527 2180 572 2247 ad
595 2181 753 2248 Ammon.
775 2204 811 2271 p.
830 2180 938 2250 1695‘
989 2183 1029 2249 ln
1043 2182 1164 2269 quibus
1179 2182 1241 2247 tri-
1335 2237 1339 2245 .

125 2285 208 2377 plex
231 2307 324 2354 error
340 2292 397 2352 est.
447 2284 538 2351 Nam
556 2305 658 2400 quem
679 2305 746 2351 non
765 2283 873 2352 statim
890 2285 985 2376 leges
1001 2283 1240 2375 grammaticae

127 2387 350 2471 admoueant,
383 2387 483 2478 plane
508 2383 710 2456 contrarium
733 2375 847 2455 didere
870 2385 1098 2454 Favorinum?
1144 2385 1238 2452 Et
1213 2406 1241 2453 su

127 2493 203 2582 quis
230 2498 295 2606 est,
329 2512 430 2578 quem
450 2510 518 2556 uon
538 2486 759 2572 admoueant,
793 2496 828 2556 at
850 2489 908 2557 illa
931 2489 1102 2558 dehebant
1119 2486 1240 2555 admo=

10 2677 16 2681 „
58 2625 61 2630 ·
127 2617 229 2678 uere,
255 2615 342 2718 quae
359 2593 470 2660 statim
488 2589 584 2659 addit
604 2589 806 2660 Favorinus:
835 2585 937 2688 nopai
958 2593 996 2666 de*
1019 2588 1073 2685 aqi
1094 2589 1239 2687 ποιητῇ,

125 2699 201 2769 πᾶν
220 2691 283 2789 ἐφ
308 2691 337 2768 oi
361 2721 416 2776 τις
435 2685 640 2787 ἀγάλλεται.
691 2692 845 2784 Denique
868 2695 961 2785 apud
980 2693 1240 2764 Valckenarium

125 2799 211 2869 nihil
236 2807 356 2881 exstat,
395 2797 489 2888 quod
514 2796 585 2866 ullo
610 2795 716 2864 modo
743 2797 787 2866 ad
812 2800 909 2870 istam
931 2799 1239 2891 interpretationem

126 2901 216 2970 trahi
240 2901 353 2993 possit

226 3107 437 3175 Postremum
459 3128 560 3197 supra
578 3105 664 3174 illud
685 3105 876 3196 posuimus,
902 3128 973 3192 csse
996 3104 1113 3187 etiam,
1138 3126 1238 3192 quae,

126 3217 165 3277 ut
189 3209 347 3278 alieniora
372 3232 393 3275 a
411 3207 542 3294 lexico,
583 3210 685 3298 plane
713 3205 885 3274 videantur
916 3206 1098 3274 omittenda
1126 3205 1239 3277 fuisse.

126 3311 175 3380 Et
196 3311 293 3381 huius
317 3310 455 3401 quidem
481 3310 613 3401 generis
641 3330 812 3394 veremur,
845 3330 889 3376 ne
910 3331 979 3378 nou
1008 3308 1096 3378 adeo
1117 3331 1238 3401 pauca,

129 3416 243 3502 siquis
263 3415 406 3484 severius
421 3436 495 3482 rem
513 3411 689 3480 aestimare
703 3410 801 3496 velit,
828 3411 967 3482 inveniri
981 3422 1114 3502 queant.
1166 3413 1239 3478 Re·

126 3517 265 3586 ferimus
286 3539 328 3586 eo
343 3518 401 3584 illa
418 3516 645 3607 potissimum,
670 3537 767 3605 quae.
777 3536 817 3582 ex
831 3516 940 3600 libris,
965 3516 1025 3603 qui
1040 3516 1075 3581 in
1089 3515 1239 3582 omnium

127 3621 278 3688 manibus
307 3627 342 3688 et
361 3628 444 3686 -sunt
475 3627 508 3686 et
537 3641 608 3686 esse
637 3617 779 3701 debent,
821 3616 1000 3688 Thesauro
1029 3617 1121 3684 illata
1153 3623 1237 3687 sunt.

126 3722 204 3792 Vuo
229 3723 454 3813 defungamur
474 3721 645 3791 luculento
666 3720 831 3807 exemplo.
880 3720 1055 3789 Neminem
1074 3719 1149 3787 fore
1171 3739 1239 3807 pu·
1260 3731 1262 3736 '

125 3834 235 3893 tamus
251 3824 426 3894 hominum
438 3823 500 3891 has
517 3823 643 3890 litteras
661 3821 890 3909 tractantium,
916 3824 975 3910 qui
998 3843 1067 3890 nou
1089 3819 1240 3891 Valcke-

127 3928 213 3996 uarii
243 3927 385 4018 scripta,
425 3928 458 3996 iu
476 3926 592 4016 ‚iisque
618 3926 793 4016 praeclara
822 3924 881 3994 illa
909 3924 1088 3995 Theocriti
1118 3923 1238 3994 decem

15 4097 17 4110 ,
126 4029 245 4119 idyllia
256 4031 437 4120 possideat.
486 4031 539 4098 Ex
558 4029 629 4099 hoc
643 4030 744 4120 igitur
758 4029 846 4096 libro
868 4052 944 4114 cur,
970 4051 1075 4117 quum
1088 4025 1124 4096 iu
1139 4027 1239 4096 The·

127 4133 214 4202 sauri
234 4156 269 4223 p.
286 4131 345 4200 1⁰.
363 4132 408 4201 de
432 4132 630 4204 ciiuteusivo
649 4132 832 4216 diceretur,
852 4134 1045 4224 pleraque,
1077 4152 1165 4220 quae
1188 4132 1239 4200 ibi

125 4234 293 4327 disputata
314 4243 425 4318 erant,
445 4236 605 4325 'repetita
621 4234 720 4302 suut?
752 4234 850 4319 Quae
878 4236 905 4304 si
931 4244 1025 4304 eraut
1042 4234 1237 4327 repetenda,
1256 4261 1259 4268 ·
1319 4323 1326 4342 ,

125 4349 217 4410 certe
236 4340 274 4410 id
293 4339 328 4409 in
351 4336 491 4431 siugulis
514 4337 582 4406 istis
602 4337 758 4422 vocibus,
791 4359 879 4427 quae
904 4342 928 4412 ἁ
955 4339 1152 4411 intensivum
1172 4338 1238 4408 ha-
