3078 5026
279 332 343 408 'rso
419 341 478 402 on
505 339 665 402 cuono
693 337 979 402 uvnunrnvn
1006 311 1240 402 nnscnrnr

278 514 408 606 phocle
429 514 475 582 ita
496 513 624 584 scribitt
665 508 709 586 ού
731 505 848 606 μόνον
872 512 908 586 δι’
931 508 1095 608 Χοιρίλῳ
1118 511 1179 584 ιιιιί
1205 517 1281 594 τοῖς
1306 510 1390 606 περί

279 611 463 708 Αἰσχύλον
482 615 541 688 καί
555 611 760 710 Εὐριπίδην
768 668 782 703 ,
809 608 901 688 α’λλιί
920 613 980 686 ιιαί
1002 610 1174 706 'locum
1190 614 1387 710 συνηγωνί-

279 745 370 792 σατο
394 717 453 813 πρίΙ
472 717 547 812 υἱῷ.
599 717 667 785 Vbi
687 717 764 806 qui,
803 715 897 804 quod
921 715 1117 786 Boeckhius
1143 717 1242 800 lacit,
1286 717 1390 784 verba

158 832 160 838 '
277 815 363 901 τούς
383 820 467 917 περὶ
489 813 673 908 Αἰσχύλον
695 841 763 886 nou
782 819 826 886 de
848 819 922 910 ipso
937 818 1129 908 Aeschylo,
1158 819 1219 887 sed
1242 815 1287 885 de
1303 841 1390 908 qna-

278 923 359 990 dem
382 923 451 991 eius
475 931 566 992 secta
587 921 731 1014 intelligi
750 921 877 990 debere
892 922 1081 1005 contendit,
1106 922 1207 1010 quid,
1234 922 1388 1005 obsecro,

273 1026 387 1110 uliud,
410 1047 516 1114 quem
535 1047 650 1094 caussa
664 1026 732 1092 iam
749 1023 928 1116 desperate
940 1024 986 1091 ed
1002 1021 1149 1092 extrema
1164 1047 1201 1092 se
1213 1024 1388 1093 reductum

278 1127 480 1199 confitetur?
520 1129 583 1213 Et,
618 1128 713 1215 quod
740 1128 848 1218 magis
879 1128 981 1196 etiam
999 1127 1121 1196 unitum
1153 1136 1219 1210 est,
1250 1127 1388 1214 ibidem,

216 1297 218 1304 .
276 1233 335 1300 ubi
363 1230 452 1300 hoec
478 1229 579 1298 affert
609 1229 822 1314 Boeckhius,
853 1252 889 1321 p.
915 1227 977 1302 31.
1013 1253 1054 1298 eo
1078 1254 1114 1300 sc
1135 1229 1246 1319 abripi
1268 1229 1390 1298 delen-

277 1333 410 1401 dendae
429 1355 508 1402 suae
526 1334 704 1402 sententiae
719 1333 908 1425 cupiditate
919 1355 1035 1423 passus
1058 1343 1124 1418 est,
1149 1342 1187 1401 ut
1210 1333 1300 1400 vitae
1322 1333 1389 1401 So-

276 1409 411 1529 phodlis
438 1436 659 1526 scriptorem,
693 1435 814 1505 eudem
835 1435 887 1503 his
910 1437 1021 1505 verbis
1044 1436 1251 1519 tradentem,
1278 1460 1390 1531 συνη-

277 1539 454 1634 χιονίσοιτο
485 1539 524 1611 δὲ
549 1534 742 1632 Αἰσχύλῳ,
783 1537 844 1610 καί
869 1535 1092 1636 Εὐριπίδῃ,
1114 1540 1175 1610 ’καί
1208 1537 1389 1633 Χοιρίλῳ,

276 1641 338 1713 ιιοιί
358 1639 548 1736 Ἀριστίᾳ,
582 1670 642 1713 ποι
634 1640 804 1731 ἄλλοις,
837 1640 896 1713 ιιαί
921 1639 1091 1737 Ιοῳοινπι
1113 1669 1163 1735 πῳ
1185 1639 1274 1734 νίῳ,
1300 1640 1391 1706 male

154 1741 156 1748 ’
276 1744 387 1812 solum
409 1741 617 1833 Aeschylum
639 1746 812 1812 nominare
835 1743 972 1812 diceret.
1022 1744 1095 1812 Sed
1116 1743 1306 1830 videamus,
1332 1741 1391 1830 qni

277 1847 366 1916 solus
381 1846 528 1934 reliquus
545 1856 603 1931 cst,
627 1851 930 1916 'commemoratum
946 1869 982 1938 p.
1003 1845 1063 1913 33.
1079 1843 1272 1938 Diogenem
1283 1845 1393 1916 Laer-

275 1951 369 2017 tium.
427 1949 461 2018 Is
488 1948 615 2016 11.43.
645 1973 750 2038 quum
778 1948 1180 2033 ‹lixissetAthenicusem
1213 1949 1390 2018 interfecto

276 2053 435 2137 Socrate,
460 2073 540 2119 mox
554 2050 712 2121 Melitum
729 2052 865 2143 capitali
877 2051 1046 2144 supplicio
1063 2051 1296 2136 afficiendum,
1323 2053 1387 2120 So-

277 2164 404 2278 cratem
428 2164 539 2223 cutem
568 2163 674 2223 statue
694 2154 932 2223 honorandum
953 2154 1159 2240 decrevisse,
1190 2156 1237 2224 ita
1261 2155 1392 2246 pergit·

157 2279 159 2284 '
279 2255 322 2333 ον’
337 2251 453 2350 μόνον
470 2259 541 2331 δὲ’
524 2285 581 2330 επι
573 2252 811 2354 Σωιιρύτοος
824 2254 1033 2377 Αθηναῖοι
1037 2252 1246 2334 πεπόνθασι
1261 2258 1390 2344 τούτο,

278 2355 371 2434 οἰλλοί
394 2359 453 2432 ιιαί
475 2359 533 2433 ἐπί
560 2358 783 2435 πλιίστοιν”
759 2384 886 2433 οοων
906 2358 965 2432 καί
985 2354 1054 2456 χοίρ
1071 2358 1259 2490 Ὅμηρον,
1291 2352 1392 2433 cunici

278 2489 390 2560 φησιν
412 2461 668 2559 Ἡρακλείδης,
694 2456 942 2586 παρακύπτειν
959 2464 1096 2556 ἔλεγον,
1123 2465 1195 2536 col
1205 2455 1392 2538 Ἀστούοί

280 2592 404 2659 μανπα
418 2566 564 2658 πρῶτον
577 2566 651 2639 τοῖν
666 2591 747 2660 περι
738 2559 968 2654 Αισχολον
949 2573 1125 2662 οπίμησαν
1139 2560 1253 2638 εἰκόνι
1269 2561 1391 2659 χαλκῇ.

232 2671 274 2732 lo
282 2667 375 2753 Quid
397 2667 503 2736 vero?
540 2667 643 2736 taline
661 2667 762 2753 loco,
786 2691 889 2756 quem
914 2678 1110 2759 corruptum
1133 2691 1204 2737 esse
1227 2670 1393 2758 interpre-

278 2770 439 2839 tesfassi
466 2779 540 2838 sunt
569 2793 703 2855 omues,
744 2773 940 2840 senteutiam
972 2794 1066 2840 snam
1095 2772 1221 2840 firmari
1251 2772 1393 2861 putebat
1465 2797 1471 2810 ·

275 2871 499 2942 Boeckhins?
524 2873 571 2940 Vt
586 2872 755 2963 scripserit
770 2875 946 2965 Diogenes
961 2875 1106 2969 προῖπον
1118 2873 1190 2946 σύν
1207 2899 1309 2966 πσρι
1284 2872 1392 2945 Αἰ-
1412 2953 1414 2958 ,
1529 2935 1530 2943 ,

279 2971 428 3067 σχύλον,
455 2975 742 3064 quemadmodum
756 2975 953 3069 Menagius
960 2999 1039 3097 cum
1059 2977 1156 3066 regio
1177 2974 1296 3044 codice
1317 2973 1395 3040 edi-

277 3080 345 3164 dit,
379 3101 484 3169 quum
503 3075 607 3170 vulgo
627 3079 798 3172 legeretur
819 3081 972 3177 πρῶτον
992 3105 1066 3152 πον
1084 3104 1168 3175 περι
1160 3068 1394 3166 Αἰσχύλον,

277 3183 360 3271 quid
379 3184 443 3250 sibi
465 3184 583 3251 volunt
602 3183 690 3252 baec
711 3183 840 3252 verbe?
870 3184 1045 3252 Vtrumne
1053 3182 1276 3274 praecipuum
1304 3179 1392 3250 dicit

277 3287 362 3354 inter
375 3293 554 3354 sectatores
566 3286 750 3377 Aeschyli?
775 3296 809 3355 at
829 3296 909 3356 tum.
923 3286 1069 3358 scribere
1084 3286 1233 3355 debebat
1253 3292 1311 3352 ant
1325 3308 1392 3356 πον

278 3388 425 3482 πρῶτον
432 3441 447 3477 ,
482 3398 539 3456 eut
565 3391 715 3483 ccciccc
738 3387 848 3461 ύνπαι
882 3411 924 3458 en
952 3390 1117 3479 primum,
1151 3387 1247 3477 quod
1269 3385 1395 3454 deinde

280 3493 353 3560 eliis
370 3515 411 3562 cx
426 3491 547 3559 ecdem
568 3490 695 3560 familia
708 3492 800 3560 idem
815 3492 927 3560 honor
939 3490 1072 3559 habitus
1085 3490 1151 3558 sit?
1177 3488 1299 3578 etquis
1318 3511 1394 3556 um-

278 3619 381 3685 quam
406 3595 477 3666 boc
493 3594 655 3686 Aeschyli
675 3597 892 3666 sectatoribus
913 3595 1092 3686 contigisse
1113 3593 1257 3678 audivit,
1290 3613 1394 3680 quum

278 3700 316 3766 id
330 3699 465 3791 ipsum,
491 3700 650 3768 exstitisse
670 3701 772 3767 talem
792 3708 935 3783 sectam,
960 3699 1059 3766 huius
1079 3698 1216 3769 demum
1238 3695 1308 3774 loci
1325 3695 1395 3762 fide

170 3811 171 3816 ’
226 3857 228 3862 .
281 3802 420 3871 credere
447 3824 508 3870 nos
531 3802 613 3870 velit
636 3801 858 3872 Boeckhius?
892 3803 1006 3886 Quare
1027 3799 1302 3889 antequamquis
1324 3797 1395 3866 hoc
1527 3803 1528 3861 i

279 3905 359 3972 loco
383 3906 489 3973 ullam
507 3905 543 3972 in
562 3913 695 3995 partem
714 3913 878 3988 uteretur,
915 3903 960 3972 de
983 3903 1218 3970 emendatione
1240 3902 1396 3992 cogiten-

282 4006 364 4073 dum
390 4007 487 4076 erat?
511 4009 565 4078 Ac
580 4008 669 4075 Mer.
685 4006 902 4088 casaubonus
916 4006 1144 4074 scribendum
1151 4005 1311 4096 putabat:
1335 4000 1396 4075 ναί

287 4111 471 4229 Τύρταιον
511 4104 769 4233 παρακόπτειν
802 4111 942 4204 eleyon,
992 4108 1052 4182 ναί
1096 4099 1395 4198 Ασιοδύμιιντα,

282 4234 426 4305 πρωπον
449 4211 535 4285 σύν
545 4239 626 4308 περι
619 4206 902 4304 Αἰσχύλον,
881 4238 924 4286 ον
950 4211 1127 4310 ἐτίμησαν
1142 4204 1257 4289 εἰπύνι
1271 4209 1394 4303 χαλκῇ.

282 4315 359 4385 Alia
374 4313 522 4384 tentabat
540 4313 773 4408 Meuugius,
762 4339 849 4406 quae
864 4317 1050 4426 praeterire
1063 4315 1162 4384 satius
1182 4313 1291 4397 duco,
1318 4311 1397 4401 quie
