3080 5054
313 353 783 420 REGISSOLEMNIBVS
812 355 1123 428 sunlsrncvu
1194 363 1273 427 aab

159 539 267 617 clare,
294 531 422 600 cimbus
442 530 559 618 serris,
585 529 712 601 nlaluit
739 532 837 618 Quae
848 531 931 601 Eius
946 533 1049 601 virtus
1063 531 1221 624 quoniam
1235 535 1271 604 in

158 660 228 704 nun
245 634 403 705 iaciendo
427 635 537 725 posita
556 644 621 723 est,
652 636 746 726 opud
771 634 945 705 indoctam
966 636 1214 706 multitudinem
1235 640 1271 706 in

157 741 305 808 obscuro
320 739 416 807 latet:
441 737 501 806 sed
515 738 574 827 qui
594 740 745 830 sapiunt,
768 748 863 807 tauto
884 762 961 807 eam
978 740 1086 832 magis
1108 763 1271 809 veneren-

156 847 232 931 tur,
257 841 352 930 quod
372 842 480 909 alieno
501 843 545 909 ab
569 843 661 909 omni
678 842 789 910 laudis
805 843 1007 927 ambitione,
1033 843 1181 911 omnium
1195 867 1269 912 ma-

156 946 246 1012 xime
260 944 370 1031 hone,
395 966 465 1032 quo
478 944 684 1036 gaudemus,
710 946 976 1014 florentissimum
993 946 1132 1018 civitatis
1146 955 1269 1015 statum

145 1047 328 1138 produxit.
378 1046 520 1116 lluobus
536 1049 592 1116 vel
607 1051 711 1116 tribus
725 1058 810 1132 utar,
837 1072 926 1138 quae
942 1051 1085 1118 maxime
1102 1050 1136 1116 iu
1152 1071 1270 1140 prorn-

155 1160 220 1244 ptu
232 1160 323 1236 sunt,
352 1151 525 1241 exemplis.
577 1151 672 1219 Nihil
683 1162 754 1219 tam
769 1153 912 1220 multum
928 1153 973 1220 ad
993 1153 1202 1244 opulentiam
1219 1153 1271 1222 ci·
1330 1207 1333 1214 .

155 1255 297 1323 vitatum
323 1255 511 1343 artiumque
535 1257 643 1323 cultus
668 1257 841 1344 conferre,
857 1250 970 1345 'quani
983 1265 1190 1324 mercaturae
1209 1279 1270 1324 ne-

158 1359 275 1450 gotia,
304 1358 390 1424 iuter
406 1378 520 1426 omnes
536 1366 674 1426 constat.
736 1359 834 1442 Quae
853 1381 921 1448 quo
942 1359 1051 1450 magis
1069 1359 1176 1427 libera
1196 1370 1271 1427 sunt
1357 1380 1360 1386 ¹

157 1459 375 1552 vectigalium
398 1461 591 1544 exactione,
624 1463 847 1551 caeterisque,
876 1463 998 1550 quibus
1021 1462 1080 1529 hie
1106 1463 1179 1533 illic
1203 1464 1269 1530 ob-

155 1565 256 1631 noxia
271 1574 346 1632 sunt
360 1564 633 1653 impeditionibus
649 1575 682 1633 et
694 1565 933 1647 vexationibus,
949 1587 990 1634 eo
1006 1566 1114 1636 acrius
1127 1566 1268 1658 ferrent,
1377 1611 1382 1618 -

155 1689 199 1734 eo
215 1665 343 1734 felicius
359 1677 567 1752 exercentur,
595 1691 637 1736 eo
652 1669 728 1759 plus
747 1668 827 1735 inde
839 1669 873 1734 in
893 1668 1079 1760 universam
1099 1668 1267 1736 civitatem

157 1770 375 1837 emolumenti
391 1779 425 1837 et
440 1771 670 1861 prosperitatis
695 1771 903 1840 diffunditur.
956 1773 1009 1840 Ac
1030 1771 1143 1840 videte
1158 1771 1268 1839 Saxo-

154 1873 256 1956 niarn,
276 1873 450 1964 regionem
465 1874 602 1942 minime
617 1876 778 1966 amplam,
804 1875 900 1942 nullo
914 1875 998 1942 mari
1014 1875 1264 1957 conterminam,
1274 1882 1315 1942 ro

153 1975 333 2063 nullosque
348 1986 466 2066 portus
479 1976 680 2063 habentem,
706 2000 774 2046 non
794 1980 858 2047 nisi
878 2001 945 2046 noo
963 2001 1061 2047 mnne
1082 1977 1265 2070 navigabili

154 2078 313 2166 divisam,
337 2089 546 2169 quantopere
562 2100 630 2146 non
646 2081 767 2148 floreat
778 2082 886 2148 solum
899 2091 1125 2149 mercatorum
1141 2081 1264 2148 merci-

153 2183 411 2272 moniorumqne
425 2181 637 2267 celebritate,
657 2181 717 2249 sed
733 2189 869 2272 superet
884 2183 985 2250 etiarn
998 2184 1103 2274 longe
1116 2183 1264 2251 civitates

154 2285 250 2370 alias,
277 2279 430 2354 omnibus
444 2295 650 2354 mercaturae
664 2285 970 2376 opportunitatibus
988 2285 1265 2370 instructissimas,

155 2410 210 2472 ec,
236 2388 331 2478 quod
342 2390 477 2457 libertas
493 2387 586 2478 apud
601 2410 662 2454 nos
679 2387 761 2457 huic
778 2388 992 2478 negotiorum
1007 2389 1123 2479 generi
1139 2412 1270 2456 summa-

154 2513 224 2559 non
244 2493 369 2576 verbis,
396 2491 457 2560 sed
480 2514 518 2559 re
538 2513 697 2561 concessa
720 2500 776 2559 est.
835 2491 968 2558 Deinde
986 2490 1068 2579 quid
1084 2491 1267 2559 litterarum

152 2594 262 2662 studia
279 2596 401 2678 dicam,
426 2593 545 2685 quibus
560 2603 597 2662 ut
613 2591 745 2686 semper
762 2595 929 2679 excelluit,
953 2594 1000 2662 ita
1020 2615 1108 2662 nunc
1122 2597 1267 2664 maxime

153 2698 289 2765 excellit
309 2698 419 2788 patria
433 2706 563 2786 nostra,
590 2698 654 2783 sic,
680 2708 717 2765 ut
732 2720 835 2788 quum
849 2719 964 2766 omnes
977 2699 1077 2766 etiarn
1092 2697 1200 2766 inlimi
1212 2700 1266 2766 lo-

152 2802 185 2868 ci
199 2800 288 2868 cives
303 2799 410 2867 multo
425 2801 488 2867 sint
504 2824 605 2889 quam
619 2801 655 2868 in
670 2802 741 2869 aliis
757 2801 958 2870 Germaniae
972 2802 1122 2891 partibus
1143 2802 1266 2870 cultio-
1288 2790 1291 2795 ’

152 2927 223 2987 ree,
248 2910 321 2969 tum
338 2905 552 2972 eminentium
568 2905 603 2972 in
626 2907 717 2973 omni
732 2928 857 2997 genere
881 2905 1055 2973 doctrinae
1078 2903 1265 2988 hominum,

154 3029 338 3095 eorumque
352 3027 419 3074 non
434 3007 570 3078 aliunde
583 3009 836 3090 accersitorum,
855 3008 916 3074 sed
929 3009 1022 3098 apud
1036 3029 1096 3076 nos
1110 3017 1267 3076 natorum

152 3119 254 3198 atque
268 3108 507 3195 educatorum‚
534 3133 575 3177 ea
594 3119 627 3177 et
645 3113 749 3200 copia
761 3113 802 3177 sit
817 3121 851 3178 et
866 3110 1013 3193 claritas,
1039 3118 1077 3175 ut
1099 3132 1168 3178 non
1188 3131 1265 3177 mo-

151 3211 200 3278 do
214 3212 342 3281 vicinae
355 3220 488 3304 gentes,
516 3210 576 3278 sed
590 3212 690 3278 etiam
701 3212 942 3280 remotissimae
962 3213 1006 3280 ab
1021 3211 1117 3280 nobis
1132 3213 1194 3280 sibi
1210 3237 1265 3281 ar-

152 3315 237 3382 tium
249 3315 407 3405 doctores
423 3313 510 3383 mitti
523 3322 663 3405 rogent,
688 3315 938 3403 litterannnque
956 3316 1070 3383 lumen
1086 3339 1105 3383 e
1119 3315 1265 3384 Saxonia

151 3439 217 3509 per
236 3415 372 3488 omnem
386 3426 546 3488 lemarum
563 3419 683 3486 orbem
698 3418 850 3510 dispergi
862 3418 1044 3486 videamus.
1078 3420 1183 3508 Atqui
1196 3418 1266 3488 bu-

150 3522 202 3588 ius
218 3542 355 3611 quoque
369 3524 420 3591 rei
434 3515 522 3592 haec
541 3521 687 3588 maxima
707 3533 756 3589 est
770 3531 804 3589 et
817 3522 989 3610 potissima
1009 3542 1143 3610 caussa,
1170 3521 1265 3611 quod

153 3623 340 3693 litterarum
368 3625 662 3715 doctrinarumque
676 3625 829 3692 tractatio
849 3625 1018 3716 ipsorum,
1044 3625 1103 3715 qui
1121 3649 1176 3693 eas
1194 3635 1264 3693 tra-

153 3735 255 3811 ctant,
280 3728 417 3796 arbitrio
436 3728 628 3816 iudicioque
642 3729 806 3817 permissa
821 3737 879 3812 est,
895 3751 1005 3816 neque
1019 3737 1077 3795 eut
1090 3727 1264 3816 quomodo

150 3831 267 3898 litteris
283 3853 424 3923 operam
439 3832 521 3899 dare
535 3831 692 3916 debeant,
717 3833 756 3899 iis
769 3832 1026 3922 praescribitur,
1050 3842 1108 3898 aut
1121 3832 1186 3898 alia
1199 3833 1264 3899 im-

150 3943 323 4025 ponuntur
336 3959 357 4003 a
374 3936 489 4004 studiis
505 3935 689 4002 litterarum
705 3935 915 4021 alienissima,
930 3957 971 4004 ae
985 3944 1130 4048 tempps,
1146 3934 1264 4024 otium,

152 4045 187 4104 et
199 4037 300 4104 animi
316 4039 521 4106 alacritatem
535 4038 708 4129 eripientis
726 4040 881 4130 negotia,
908 4038 970 4108 sed
993 4039 1052 4127 qui
1070 4060 1190 4105 navam
1210 4047 1263 4106 ot-

150 4162 218 4228 que
235 4141 351 4210 utilem
364 4142 481 4210 litteris
498 4163 638 4231 operam
651 4142 891 4231 praestiterint,
924 4164 1136 4230 quacumque
1155 4141 1191 4208 id
1206 4143 1310 4233 ip-lt

149 4243 192 4318 sis
208 4245 335 4312 ratione
351 4245 458 4314 visum
477 4246 596 4329 fuerit,
623 4244 669 4311 ad
688 4266 827 4312 munera
850 4243 1055 4328 evehuntur,
1088 4246 1261 4336 praemiis-

147 4367 217 4436 que
232 4355 267 4416 et
282 4347 471 4418 honoribus
486 4347 668 4418 excitantur
691 4357 790 4438 atque
811 4356 978 4426 ornantur.
1032 4345 1165 4420 Eadem
1185 4369 1261 4416 mo-
1300 4425 1303 4432 ,
