3080 5054
424 366 695 444 1111111111
720 381 779 450 11
807 381 995 448 1111111.
1035 351 1038 356 ’
1203 386 1268 452 roe

149 546 302 647 ἀδελφοὶ
324 544 392 648 τήν
414 545 542 648 φύσιν,
575 547 760 651 ἑξαπήχεις
779 547 967 647 τό-μῆκος.
1024 551 1121 625 Male
1143 555 1267 649 legitur

149 649 299 735 Xto'voc.
352 654 521 724 Chionem
543 656 648 724 tiliam
676 657 810 726 Boreae
837 664 1003 725 memorat
1023 658 1266 748 Apollodorus.

149 758 199 826 Hi
221 757 325 849 igitur
340 766 406 827 tres
429 758 565 844 fratres,
590 767 628 826 nt
647 759 751 828 refert
771 760 949 845 Aelianus,
975 755 1080 848 qu'um
1105 772 1266 834 consueto

148 869 305 962 ternpore
325 862 487 931 solemnia
508 883 602 932 saera
623 864 814 948 instituunt,
848 885 890 932 ex
908 862 1074 953 Rhipaeis
1096 867 1267 934 montibus
1342 875 1345 880 ’

146 963 309 1034 immensa
324 965 462 1033 advolat
474 965 653 1034 multitudo
666 963 863 1056 'oyorrorum
890 966 1099 1056 considitqne
1114 967 1151 1034 in
1167 969 1314 1058 septold

148 1068 284 1159 templi,
316 1077 417 1158 atque
438 1069 501 1137 ubi
523 1076 701 1138 cautorum
723 1081 757 1138 et
783 1069 1027 1141 citharistarum
1057 1069 1185 1140 chorus
1200 1070 1268 1162 hy-

147 1194 265 1239 mnum
279 1171 347 1240 deo
362 1171 465 1259 canit,
500 1183 570 1242 tam
591 1183 747 1242 accurate
761 1173 798 1240 hi
812 1173 910 1264 cycni
928 1176 1124 1263 concinunt,
1150 1183 1189 1243 nt
1203 1175 1230 1244 si
1247 1199 1269 1244 a

147 1284 368 1364 praecentore
394 1274 578 1353 indicatum
611 1276 704 1346 vocis
735 1285 1038 1367 temperamentum
1065 1278 1267 1370 exciperent.

148 1379 229 1445 Non
251 1387 300 1445 est
329 1381 528 1463 obscurum,
551 1401 645 1447 sacra
664 1377 761 1456 haco-
775 1381 959 1471 Apollinis,
993 1391 1153 1450 oonsueto
1176 1391 1266 1461 tern-

145 1501 234 1571 pore
257 1505 278 1547 a
295 1479 430 1550 Boreae
451 1491 485 1550 11
508 1482 599 1549 Nivis
620 1483 697 1552 111111
719 1505 797 1553 cum
816 1485 958 1553 solemni
980 1494 1080 1553 oautu
1102 1484 1266 1555 celebrari

147 1584 261 1670 solita,
293 1583 378 1652 nihil
401 1608 471 1654 esse
496 1586 558 1654 nisi
577 1586 665 1654 veris
685 1585 849 1671 reditum,
892 1573 951 1676 qui
974 1611 1079 1676 quum
1099 1584 1265 1672 homiues,

146 1687 353 1758 tum'omnes
372 1688 553 1756 animantes
568 1689 614 1756 ad
628 1688 791 1782 gaudium
807 1690 902 1758 laetis
919 1691 1059 1761 vocibus
1072 1691 1266 1781 exprimen-

149 1789 231 1858 dum
250 1791 374 1864 inritet.
425 1795 515 1861 Nam
529 1800 595 1859 tres
608 1792 684 1860 illos
702 1793 846 1883 ingentis
862 1802 1006 1862 staturae
1026 1795 1115 1874 filios
1130 1795 1264 1862 Boreae

52 1937 56 1947 ·
146 1901 182 1962 et
204 1893 314 1980 Nivis',
344 1897 405 1964 etsi
428 1909 546 1966 eoru'm
567 1885 703 1964 nomina
729 1916 801 1963 non·
819 1895 920 1964 affert
939 1896 1118 1980 Aelianus,
1149 1906 1265 1966 tamon

144 1997 247 2065 facile
276 1998 396 2090 colligi
422 2007 537 2090 potest
560 2002 697 2090 copiam
721 2020 885 2089 aquarum
906 2001 1066 2093 intelligi,
1101 2021 1188 2090 quae
1209 2010 1264 2068 tn-

146 2101 304 2168 11111111
324 2101 416 2183 nire,
442 2101 553 2168 soluto
570 2104 673 2192 gelu,
698 2111 799 2192 rupta
822 2112 856 2169 et
875 2104 1027 2170 fluitante
1049 2105 1164 2193 glaeie·
1179 2123 1264 2192 pro·

43 2231 46 2238 ¹
143 2200 338 2272 fundantur.
389 2202 560 2270 Eamden'r
576 2224 649 2270 rem
661 2203 729 2270 alia
744 2204 859 2270 fabula
869 2205 1050 2273 Eumelum
1066 2205 1265 2293 expressisse

143 2305 316 2394 suspioor,
342 2305 369 2373 si
384 2306 527 2393 quidem·
543 2313 577 2374 et
590 2305 759 2397 Apollinis
776 2326 918 2394 nomen,
948 2315 983 2374 et
1002 2306 1177 2373 Musarum
1199 2326 1264 2395 ap-

142 2409 305 2500 pellatio,
331 2416 364 2477 et
379 2431 533 2477 numerus
546 2430 681 2493 earum,
708 2417 743 2475 et
754 2408 890 2477 nomina
913 2410 1015 2476 etiam
1033 2409 1086 2475 'ita
1108 2408 1153 2475 ad
1171 2407 1264 2478 hune

143 2513 248 2579 finem
266 2513 474 2603 conspirant,
500 2520 537 2580 ut
558 2507 663 2596 nihil,
690 2510 785 2600 qnod
804 2533 871 2578 nou
888 2511 1061 2601 aptissime
1077 2512 1264 2597 conveniat,

142 2603 288 2704 relinqui
318 2615 481 2684 videatur.
531 2615 580 2684 Et
609 2615 806 2706 Apollinem
838 2615 977 2710 quidem
1003 2636 1071 2682 non
1110 2615 1263 2701 dixerim,

143 2717 239 2807 qood
256 2720 395 2814 fortasse
417 2721 491 2809 quis
507 2720 680 2810 opinetur,
708 2719 814 2787 solem
829 2742 916 2788 erre:
939 2719 1027 2788 licet*
1037 2737 1106 2786 non
1122 2729 1263 2787 conten*

144 2819 246 2906 dam,
271 2833 340 2888 nori
363 2845 433 2891 esse
449 2820 572 2925 ¹solem.
626 2821 884 2892 consistendum
905 2830 954 2890 ost
978 2823 1066 2890 enim
1090 2823 1124 2890 in
1149 2823 1262 2891 Grae*

145 2945 208 2994 cae
228 2925 464 3016 mythologiae
481 2927 622 3012 finibus,
648 2926 682 2994 in
697 2949 765 3014 qua
786 2927 917 3017 Apollo
936 2927 1156 3017 interemptor
1179 2925 1262 2995 deus

145 3035 223 3112 est„
239 3027 404 3118 quidquid
420 3031 514 3098 'illud
535 3031 593 3116 sit,
618 3031 654 3097 in
675 3051 743 3120 quo
764 3054 805 3098 11
824 3033 873 3097 vis
889 3027 1106 3100 interimendi
1131 3029 1172 3094 sit
1192 3049 1261 3117 po-

144 3133 215 3198 sita.
266 3133 385 3221 Itaque
408 3134 468 3199 ubi
491 3133 536 3200 de
558 3133 673 3200 hieme
694 3132 842 3200 finienda
870 3151 980 3198 sermo
1000 3139 1064 3215 est,
1099 3125 1184 3196 nihil
1208 3139 1261 3197 ot·

143 3233 228 3308 111111
250 3255 430 3323 quaerere,
456 3233 539 3322 qaid
562 3235 621 3321 sit,
637 3223 747 3320 'quod
766 3233 916 3301 hiemem
940 3241 1130 3318 removeat,
1158 3231 1260 3301 dum-

142 3336 250 3404 modo
274 3337 393 3427 aliquis
418 3336 487 3405 eius
508 3336 549 3404 111
575 3336 803 3425 interemptor.
860 3335 969 3402 Huius
996 3336 1083 3404 filias
1104 3345 1260 3425 apertum

146 3449 195 3507 111
215 3451 307 3509 reote
330 3448 364 3532 11
387 3448 467 3530 apte
488 3437 604 3506 Musas
625 3439 812 3530 appellari,
838 3460 944 3527 quum
965 3461 1097 3508 reversa
1120 3439 1259 3507 laetiore

145 3544 222 3610 111111
240 3551 439 3636 tempestate
455 3542 500 3611 ad
516 3541 719 3612 hilaritatem
736 3553 770 3610 et
791 3552 926 3612 orntum
941 3544 1054 3610 omnia
1067 3562 1259 3634 provocen-

143 3653 207 3713 tnr.
260 3647 348 3716 Sunt
368 3655 479 3714 autem
498 3646 577 3714 illae
597 3669 737 3716 numero
759 3654 843 3731 tres,
869 3654 1012 3738 propter
1026 3644 1184 3713 eamdem
1202 3666 1259 3710 ra-

142 3749 287 3834 tionem,
320 3759 587 3841 propterquam
610 3759 677 3817 1111
705 3759 781 3818 sunt
801 3751 936 3818 Boreae
961 3759 995 3816 et
1018 3749 1166 3817 Chiones
1188 3747 1259 3815 filii.

142 3852 232 3921 Nam
248 3853 340 3921 verni
361 3853 487 3945 teporis
502 3853 536 3921 ri
562 3863 596 3920 et
614 3853 704 3921 nives
719 3855 908 3939 tabescunt,
935 3860 969 3921 et
990 3854 1087 3944 gelus
1110 3850 1259 3934 solvitur,

145 3963 179 4022 et
194 3955 367 4025 disiectam
386 3957 533 4049 glaciem
549 3956 752 4047 protrudunt
769 3957 922 4025 flumina:
948 3955 1069 4044 hisque
1094 3954 1199 4022 trihus
1224 3955 1259 4021 in

142 4055 243 4127 rebus
266 4060 327 4128 nbi
342 4060 524 4151 conspicua
543 4059 634 4130 faeta
651 4069 700 4128 est
724 4060 771 4128 vis
789 4059 1013 4151 peremptoris
1026 4059 1103 4144 dei,
1128 4058 1258 4126 sublata
1308 4059 1311 4066 '

142 4157 257 4229 hieme
280 4162 348 4230 iam
372 4185 432 4230 rer
457 4163 573 4231 adesse
600 4164 805 4256 intelligitur.
855 4164 928 4231 Has
952 4162 1040 4254 ipsas
1068 4169 1181 4230 autern
1205 4174 1277 4229 res·

142 4263 244 4332 etiam
266 4265 402 4334 nomina
421 4266 553 4334 illarum
573 4265 746 4334 Musarum
775 4265 871 4334 haud
894 4267 1036 4336 obscure
1058 4264 1257 4358 significant

141 4366 232 4437 Nam
257 4363 438 4467 qutooo*
465 4369 508 4437 ab
544 4368 664 4438 eadem
689 4370 804 4439 radice
834 4370 927 4440 dieta
956 4378 1024 4458 est,
1063 4393 1085 4438 a
1113 4391 1180 4458 qua
1208 4373 1257 4434 est
