3120 5030
259 259 311 364 'oe
535 298 594 359 nu
621 297 853 361 auscurm
882 299 1085 360 cuavcrs

267 499 327 544 και
318 464 546 590 οἷνθριίιισις
560 462 774 563 τσίέσιίμινα
793 475 826 550 ἐς
847 464 932 543 vita
953 472 1152 566 apolayew,
1184 475 1225 542 oi‘
1239 497 1281 543 τε
1302 469 1372 544 σίλ-

266 579 323 647 λοι
340 566 453 648 πιστοί
469 570 638 696 ἥγηνται,
664 573 722 644 καί
738 579 773 644 οἱ
793 600 860 668 την
881 567 1071 646 θάλασσαν
1086 573 1251 654 attonsa
1265 577 1369 648 πλεί-

266 703 335 752 στα
367 667 569 769 α’νθροίιιοιν
600 679 635 756 ἐς
669 702 736 769 την
760 671 925 748 Γλαύκου
953 668 1131 801 μαντικην
1161 701 1255 747 κατα
1287 675 1367 756 ἔτος

264 785 414 854 ἕκαστον
434 778 586 896 λίγρυσι.
646 771 819 873 Πινδάρῳ
839 779 881 849 δὲ
904 803 963 848 και
956 776 1154 871 Ἀίσχυλῳ
1176 786 1368 852 πυνθανο-

262 884 391 975 μένοις
405 905 502 1005 πηρα
528 874 795 974 Ανθηδσνίων,
822 906 872 973 τῳ
893 879 961 969 μίν
980 875 1044 950 oria
1066 877 1122 952 ἐπί
1143 873 1370 1000 πολυῆλθιν
1478 935 1482 941 .

168 973 173 988 ’
240 1055 242 1060 ⁴
262 980 351 1077 ᾆσαι
366 1011 412 1054 να
428 986 461 1062 ἐς
473 981 657 1066 Γλαῦκον,
682 975 851 1069 Αἰσχύλῳ
875 981 913 1052 δὲ
930 979 987 1083 καί
1004 987 1037 1060 ἐς
1058 980 1202 1074 ποίησιν
1216 975 1362 1100 δράμα-

260 1111 323 1166 τος
350 1079 519 1177 ἐξήρκεσε
578 1083 682 1167 Quod
711 1084 738 1149 si
766 1073 979 1172 Rhegium,
993 1084 1154 1172 locosque
1188 1084 1246 1171 qui
1277 1083 1367 1154 circa

259 1197 349 1271 sont,
390 1193 425 1252 et
454 1184 604 1252 Siciliam
634 1194 737 1305 poeta
761 1187 1054 1272 commemoravit,
1089 1208 1159 1253 reri
1148 1185 1284 1254 simile
1306 1194 1365 1272 est,

260 1290 429 1358 Glaucum
466 1287 583 1372 alicui,
630 1290 687 1376 qui
723 1289 783 1354 ista
799 1285 894 1356 loca
922 1287 1060 1373 adisset,
1101 1290 1171 1357 fata
1199 1289 1364 1358 cecinisse.

213 1392 344 1476 llQuis
366 1400 479 1460 autern
492 1412 560 1456 non
571 1391 680 1458 statim
696 1389 740 1457 de
758 1391 909 1459 Hercule
930 1391 1082 1482 cogitet?
1107 1391 1294 1478 Sumamns,
1320 1390 1366 1458 de

257 1493 328 1564 hoc
351 1496 427 1584 agi,
467 1503 501 1560 et
519 1493 710 1576 videamuS,
750 1516 793 1559 an
813 1493 860 1560 ita
883 1494 1028 1583 aliquid,
1062 1494 1156 1584 quod
1185 1493 1365 1584 probabile

254 1599 424 1680 videatur,
451 1593 542 1664 effici
561 1597 682 1688 possit:
713 1595 773 1663 sed
795 1596 1039 1667 meminerimus
1060 1597 1180 1680 Amul,
1213 1595 1364 1685 quamvis

255 1699 337 1790 quid
357 1699 543 1789 speciosum
566 1699 624 1781 sit,
655 1719 757 1788 posse
779 1698 877 1766 etiam
904 1721 972 1765 non
990 1721 1106 1768 rernm
1135 1721 1213 1766 esse.
1270 1697 1364 1766 Nihil

255 1804 343 1872 enim
375 1824 438 1870 nec
463 1801 681 1892 periculosius
712 1803 821 1867 estin
845 1795 1045 1890 antiquitatis
1071 1800 1363 1892 pervestigatione,

239 1928 317 1974 -nec
340 1904 487 1996 turpius,
530 1927 632 1993 quam
656 1905 783 1972 incerta
813 1913 940 1971 temere
977 1926 1042 1993 pro
1070 1903 1167 1972 certis
1204 1902 1361 1993 arripere.

253 2007 416 2077 Herculi
407 2007 525 2098 igitur,
550 2029 655 2095 quum
676 2007 702 2074 is
716 2006 801 2072 inter
821 2009 1032 2097 Argonautas
1048 2004 1197 2075 Colchos
1218 2015 1361 2098 peteret,

231 2109 465 2181 'vaticinatum
485 2133 555 2179 esse
576 2110 746 2178 Glaucum
771 2131 812 2202 σι
833 2109 1016 2199 Apollonio
1035 2108 1177 2177 Rhodio
1199 2109 1227 2176 l.
1249 2105 1361 2174 1310.

252 2236 347 2306 sqq.
348 2212 501 2281 Diodoro
522 2212 638 2283 Siculo
652 2213 710 2281 lv
726 2209 787 2282 48.
806 2210 1009 2281 Philostrato
1025 2214 1133 2304 lmag.
1149 2211 1195 2284 11
1211 2207 1270 2279 15.
1288 2212 1362 2279 Eu-

253 2298 407 2409 dociap.
425 2314 486 2383 at.
510 2322 647 2387 constat.
706 2314 819 2398 Quam
846 2317 1068 2385 narrationem
1088 2317 1116 2384 si
1139 2323 1189 2382 est
1207 2313 1362 2403 Aeschy-

251 2419 303 2486 lus
331 2428 505 2510 sequutus,
544 2428 635 2489 certe
668 2440 743 2485 eam
785 2419 834 2488 sic
870 2418 1037 2489 videbitur
1074 2427 1292 2509 temperasse,
1326 2426 1363 2484 ut

250 2521 435 2590 Herculem
467 2523 535 2589 iarn
572 2529 669 2612 parte
699 2521 866 2587 'laborum
901 2523 1083 2612 profligata
1119 2543 1197 2588 cum
1227 2520 1360 2589 Glauco

251 2633 470 2713 congressum
506 2623 660 2712 fingeret.
726 2622 831 2703 Nam,
872 2623 899 2688 si
946 2623 1083 2708 quidem
1134 2621 1178 2688 de
1207 2622 1360 2691 Hercule

249 2746 359 2792 sermo
383 2724 481 2791 fuit*
471 2746 507 2790 m
531 2721 694 2809 Aeschyli
723 2721 907 2805 fabula‚'
897 2744 970 2812 rpse
990 2747 1027 2791 se
1054 2721 1166 2790 dixit
1156 2746 1191 2791 m
1208 2725 1358 2794 Siciliam
1390 2803 1392 2808 ,

248 2824 384 2895 venisse.
410 2824 615 2894 scholiastes
644 2822 781 2891 Pindari
809 2823 853 2892 ad
889 2825 990 2914 Pyth.
1025 2825 1052 2893 l.
1083 2822 1167 2893 15².
1198 2823 1356 2925 Ιμέρας,

249 2921 416 3106 ηηταμόι
448 2925 634 3015 Σικελίας,
685 2925 769 3023 περὶ
810 2921 856 3000 οὗ
897 2927 957 3002 καί
979 2922 1161 3020 Λισχιίλος
1189 2931 1293 3088 φησίν
1319 2935 1358 3006 ἑν

305 3057 419 3127 ceap,

348 3184 490 3255 καλοῖσι
511 3186 677 3279 leccenic
693 3176 943 3274 ε’κλιλοιίμενοι
965 3185 1074 3277 δέμας

350 3287 399 3366 εἰς
414 3281 646 3383 ’ὑψίκρημνον
658 3282 807 3382 Ἱμέραν
824 3279 1018 3383 οίφικόμην.

245 3441 298 3510 lta
321 3439 458 3528 quidem
484 3439 674 3530 corrigunt,
704 3463 769 3510 nec
795 3441 895 3509 male.
951 3439 1091 3508 Editum
1113 3447 1162 3508 est
1188 3440 1354 3514 ἐκλέλοι-

245 3570 316 3635 μαι
337 3553 371 3610 et
385 3540 534 3639 Ἱμέραν
552 3539 580 3616 ri
597 3537 789 3641 σίφμκιίμην.
842 3543 985 3612 Possunt
998 3538 1110 3612 autem
1122 3541 1210 3613 haec
1225 3565 1266 3611 eo
1281 3566 1355 3611 ma-

244 3647 298 3736 gis
319 3645 426 3714 videri
450 3645 494 3712 ad
514 3644 698 3715 Herculem
718 3654 887 3739 spectare,
924 3644 1018 3735 quod
1044 3647 1076 3714 ei
1097 3646 1246 3718 Siciliam
1271 3669 1355 3737 per-

245 3749 375 3838 agranti
386 3747 557 3838 nymphae
571 3747 718 3818 thermas
747 3749 792 3816 ad
811 3749 1002 3833 Himeram,
1029 3750 1176 3838 aliasque
1191 3749 1241 3817 ad
1255 3751 1353 3841 Ege-

198 3903 200 3910 .
244 3860 329 3918 stam
347 3851 506 3919 excitasse
522 3848 694 3936 dicuntur,
720 3860 757 3918 ut
775 3852 879 3918 refert
892 3852 1062 3920 Diodorus
1078 3852 1139 3924 1v.
1152 3851 1212 3919 23.
1228 3853 1352 3949 Atque

242 3950 336 4018 haud
359 3953 474 4042 inepte
495 3953 668 4038 coniicias,
693 3951 746 4020 his
764 3954 910 4020 versibus
925 3953 1032 4021 statim
1051 3954 1237 4023 subiectum
1250 3954 1351 4023 fuisse

240 4041 338 4122 illum
364 4075 513 4140 rersmn,
542 4079 645 4145 quem
662 4077 730 4122 non
751 4053 898 4123 indicato
921 4055 1057 4125 tabulae
1072 4056 1204 4125 nomine
1229 4058 1352 4126 Pollux

243 4155 401 4241 semovit,
425 4156 472 4225 ita
487 4155 631 4227 scribens
650 4159 726 4228 Vll
748 4155 833 4226 161
860 4151 1043 4250 Αἰσχύλος
1063 4156 1137 4233 ὅ
1109 4188 1157 4236 αν
1171 4157 1283 4237 ἐοίκοι
1301 4187 1350 4234 να

241 4263 417 4354 βαλανεῖα
440 4254 615 4359 λοννήρια
638 4262 767 4356 λέγειν,
