3078 5026
363 395 366 404 ,
453 339 871 470 'tntssupnn'rto
953 372 956 389 '
1129 380 1135 396 ·
1201 355 1266 426 179

143 523 338 594 dillluerent
355 545 481 615 aquam
513 533 549 592 et
575 549 720 617 aequus,
753 529 834 618 qnia
850 528 1068 618 tranquillum
1089 539 1141 600 est
1158 530 1263 602 imum

142 651 246 696 more
307 630 484 696 Proximus
511 629 565 696 ab:
581 630 773 700 lrooamatus
798 627 968 724 Θαύμας,
1001 632 1174 720 Μίήιιιιε,·
1192 657 1263 726 qno

140 733 342 823 prospectus
363 732 571 824 significatur
599 744 633 802 et
653 755 720 823 per
741 757 780 802 se
798 735 1003 803 admirabilis
1028 747 1172 828 propter
1191 749 1262 808 tam

138 835 210 902 late
232 845 353 924 patens
372 837 472 903 maris
494 847 645 926 aequor,
671 843 706 906 et
719 838 826 928 magis
838 847 981 929 propter
992 838 1071 924 illa,
1097 861 1184 928 quae
1200 865 1263 912 na-

139 947 278 1007 scuntur
298 940 333 1005 in
352 961 404 1006 eo.
456 939 549 1006 Tum
572 933 733 1033 Φόρκυς,
760 941 909 1026 Furens,
938 963 1008 1030 quo
1030 947 1263 1032 promontoria

140 1050 175 1110 et
202 1041 318 1130 quivis
331 1042 387 1109 alii
417 1063 437 1108 e
462 1043 546 1109 mari
562 1039 739 1110 'exstantes
765 1046 898 1135 scopuli
927 1043 1124 1114 indicantur.
1176 1047 1262 1116 Inde

22 1197 24 1204 -
138 1143 348 1236 Hesychius:
381 1137 529 1239 πόρκες,
557 1139 718 1240 κόρακες.
772 1147 908 1236 Aliique
926 1147 1146 1218 Grammatici
1163 1144 1261 1245 φόρ-

138 1274 252 1326 κυνα,
279 1247 407 1338 λιμένα
427 1248 694 1338 interpretantur.
747 1248 901 1341 Cognata
917 1251 1141 1326 nominasent
1163 1245 1262 1347 πόρ-
1393 1287 1396 1292 ·

136 1375 217 1437 uos,
252 1344 404 1446 πόρκης,
432 1349 559 1442 furca.
619 1352 779 1440 Sequitur
807 1346 941 1449 Κητώ,
973 1354 1093 1438 laeua,
1120 1353 1287 1423 affinem-

138 1474 220 1520 cum·
233 1455 338 1520 verbo
357 1459 502 1525 κεῖσθαι
517 1455 682 1546 originem
698 1453 837 1538 habens,
863 1478 951 1545 quae
968 1457 1102 1525 latentia
1118 1458 1180 1524 sub
1194 1480 1260 1525 un·
1327 1453 1330 1457 ’
1454 1529 1456 1536 ,

139 1551 191 1622 dis
217 1557 311 1638 saxa,
339 1557 559 1645 occultosque
585 1558 747 1648 scopulos
769 1559 945 1650 significat.
998 1559 1154 1650 lienique
1175 1557 1259 1631 Εὐ-

138 1659 266 1758 ρυβίη,
294 1659 483 1749 Latipolla‚
510 1683 598 1750 quae
622 1673 671 1729 est
691 1661 862 1730 fluctuatio
882 1664 992 1730 maris.

242 1830 411 1914 Quoniam
436 1829 591 1926 Oceanus
611 1832 687 1900 sons
709 1841 759 1902 est
782 1833 931 1902 omnium
956 1857 1136 1924 aquarum,
1161 1832 1260 1902 huius

135 1933 281 2020 filiarum
306 1957 372 2002 nna
397 1958 480 2002 uxor
501 1937 581 2006 data
605 1939 726 2006 Nereo.
779 1939 849 2022 Ea,
876 1948 1020 2029 propter
1043 1959 1145 2032 opes,
1172 1960 1259 2028 quae

134 2031 201 2125 per
219 2059 311 2106 mare
332 2037 533 2130 afferuntur,
573 2039 715 2133 Δωρίς,
755 2039 915 2125 Donum,
950 2042 1060 2125 dicta,
1093 2041 1260 2130 quinqua-

134 2140 232 2230 ginta
249 2142 342 2232 parit
357 2142 454 2213 filias.
507 2143 639 2228 Harum
663 2142 799 2222 nomina
818 2153 1013 2234 praetereo,
1040 2143 1134 2232 quod
1155 2143 1258 2210 inter-

135 2242 256 2332 polata
273 2253 321 2314 est
343 2244 405 2310 ista
429 2235 634 2311 enumeratio
657 2243 751 2334 apud
771 2245 969 2312 Hesiodum.
1021 2247 1187 2333 Apertum
1211 2253 1260 2310 est

135 2357 268 2430 autem,
294 2345 400 2412 undas
412 2346 572 2442 intelligi,
599 2347 721 2434 quibus
742 2370 763 2414 a
783 2370 842 2414 sua
865 2346 986 2434 cuique
1005 2354 1173 2438 potestate
1193 2345 1260 2414 im-

133 2450 249 2540 posita
272 2447 417 2516 uomina.
1033 2455 1052 2468 ²

240 2615 467 2704 Thaumanti,
494 2617 562 2688 sive
577 2615 721 2703 Mirino‚
748 2617 814 2685 alia
830 2605 1020 2687 consociata
1035 2617 1165 2690 Oceani
1176 2617 1258 2704 lilia,

134 2717 329 2820 Ἠλέκτρη,
357 2720 530 2791 Coruscia.¹
579 2721 721 2813 Proprie
742 2741 864 2790 nomen
882 2715 951 2790 lroc
969 2723 1258 2814 expergiscentem

135 2834 246 2912 notat,
271 2849 392 2916 exque
410 2826 542 2918 origine
558 2835 633 2895 sunt
648 2828 748 2894 etiam
764 2827 920 2920 ἠλέκτωρ
936 2835 969 2892 et
986 2819 1153 2921 ἀλέκτωρ.
1185 2825 1257 2894 Sed
1300 2832 1302 2838 ’
1368 2837 1371 2843 ’

135 2929 295 3027 quoniam
318 2940 471 3008 coruscat
489 2945 620 3015 mare,x
635 2953 740 3019 quum
762 2929 910 3022 primum
938 2931 1032 3018 quasi
1055 2929 1258 3020 expergiscit

134 3033 328 3102 imminente
353 3043 552 3132 tempestate
584 3033 777 3119 fluctuatio,
819 3033 1018 3101 coruscaudi
1051 3032 1257 3124 significatus
1372 3087 1376 3108 ,

135 3135 301 3209 adhaesit.
360 3137 470 3204 Huius
506 3137 598 3204 filiae
639 3147 714 3205 sunt
749 3132 860 3226 Ἰρις,
901 3135 1027 3219 Sertis,
1077 3133 1175 3223 quod·
1215 3156 1256 3202 ex

135 3247 267 3329 septem
298 3241 468 3308 coloribus
493 3248 647 3310 conserta
674 3248 731 3306 est.
757 3288 763 3298 s
790 3237 870 3306 Huc
899 3239 1066 3326 pertinent
1083 3235 1261 3329 Theogo-‘

77 3375 80 3384 ¹
134 3343 211 3410 niae
234 3365 345 3412 versus
368 3339 446 3410 780
459 3381 512 3392 -
528 3340 614 3409 782.
641 3341 751 3408 alieno
773 3340 851 3408 loco
875 3341 993 3431 positi,
1028 3363 1173 3429 quorum
1196 3340 1255 3408 hie

134 3467 246 3513 sensus
269 3455 335 3530 est,
375 3467 452 3512 raro
475 3468 590 3516 arcum
617 3445 794 3515 caelestem
824 3444 992 3534 conspici,
1032 3466 1137 3532 quum
1165 3451 1255 3510 tem-

133 3558 246 3637 pestas
276 3558 335 3616 est.
395 3550 502 3616 Porro
528 3545 727 3639 Ἀρπυῖαι,
771 3548 910 3635 Rapae,
949 3569 1091 3634 quarum
1119 3547 1255 3612 nomina

133 3644 290 3736 Ἀελλώ,
324 3650 470 3735 voluta,
508 3660 542 3718 et
562 3646 767 3747 Ὠκυπέτη,
811 3649 1018 3716 Celerivoln:
1059 3671 1148 3738 quae
1169 3645 1253 3737 quid

131 3754 214 3842 sint,
240 3755 394 3822 omnihus
416 3762 569 3846 apertum
593 3759 650 3819 est.
813 3759 817 3768 '

235 3922 389 3996 Phorcus
416 3934 528 3996 autem
550 3933 584 3993 et
605 3923 691 3993 Ceto
715 3939 797 4012 quas
819 3929 1005 4016 genuerunt
1026 3920 1129 4006 filias,
1165 3943 1254 4010 quo-

130 4029 238 4096 modo
260 4023 528 4122 interpretandae
551 4031 633 4114 sint,
662 4029 772 4120 magis
791 4027 1001 4097 reconditum
1018 4033 1088 4093 est:
1127 4026 1188 4094 Est
1213 4049 1253 4093 ea

132 4131 262 4224 duplex
280 4134 464 4223 generatio.
515 4133 648 4200 Primae
670 4141 744 4199 sunt
763 4133 923 4226 Γραῖαι,
948 4127 1141 4197 Albuneae:
1166 4152 1254 4216 qua-

131 4253 208 4304 rum
223 4258 347 4304 nomen
360 4235 505 4328 proprie
515 4254 612 4305 canas
635 4234 842 4325 significare,
867 4232 1042 4324 vestigium
1060 4232 1203 4301 ostendit
1218 4233 1253 4298 in
1294 4266 1296 4272 ·

134 4336 340 4410 Germanica
364 4341 480 4430 lingua
498 4348 749 4423 conservatum,
775 4334 886 4430 grau
939 4337 1012 4404 Eae
1034 4346 1109 4406 sunt
1129 4336 1251 4418 undae,

943 4439 985 4508 M
1012 4440 1036 4508 2
