3080 5054
275 377 341 446 33(
673 371 732 440 lili
757 310 999 440 tuschttt

376 550 419 620 Iu
434 547 496 618 illo
516 545 707 620 discrimine
726 537 832 640 quum
855 547 964 620 essem
977 545 1127 635 iudices,
1152 554 1209 636 ut,
1234 548 1400 624 absolutis

275 654 414 725 caeteris
437 653 546 722 Danai
566 652 719 739 filiabus,
742 653 1046 744 Hypermestram
1066 674 1136 721 uon
1165 665 1398 745 possent-uon

275 756 519 844 condemnare,
549 755 611 824 dei
637 757 774 848 alicuius
793 758 981 828 interventu
1001 777 1088 847 opus
1109 764 1196 841 erat,
1221 765 1260 826 ut
1278 779 1395 827 serva-

274 870 367 930 retur
380 860 518 953 puella,
549 859 604 930 cui
620 880 686 951 pro
706 860 844 930 crimim
861 867 965 930 οεειια
976 879 1074 927 αιτιοι
1094 867 1128 928 et
1149 860 1392 930 misericordia.

273 963 322 1034 Et
341 965 415 1051 quis
447 963 531 1032 deus
555 963 669 1054 potior
695 963 834 1032 inveniri
853 970 1006 1055 poterat,
1046 963 1107 1052 qui
1128 957 1227 1032 huius
1253 986 1394 1034 musone

273 1065 495 1159 patrocinium
516 1068 717 1157 susciperet,
752 1089 854 1157 quam
875 1069 949 1157 ipsa
977 1067 1098 1136 amoris
1121 1074 1229 1135 mater
1250 1067 1394 1138 Venus?

273 1170 373 1238 Hauc
400 1190 485 1262 ergo
509 1178 615 1261 poeta
636 1169 837 1255 introduxit,
870 1169 1077 1260 defendique
1108 1170 1151 1238 ab
1184 1191 1226 1237 ea
1250 1170 1395 1264 Hyper-

272 1281 452 1342 mnestram
484 1272 597 1343 iecit..
626 1273 747 1364 Neque
772 1273 861 1343 enim
880 1273 946 1341 ulio
974 1272 1113 1342 tendere
1132 1273 1245 1364 potuit
1269 1275 1392 1358 oratio,

272 1397 342 1464 qua
370 1375 555 1444 masuam
585 1377 770 1466 potentiam
806 1377 1001 1461 declarans,
1042 1396 1267 1466 monensque,
1305 1377 1392 1466 quid

273 1501 370 1548 amor
382 1479 510 1548 valeret
518 1503 534 1568 ,·
554 1479 599 1548 ad
618 1479 785 1550 mitiorem
806 1479 935 1550 iudices
955 1479 1089 1550 videtur
1106 1477 1289 1547 traduxisse
1313 1503 1391 1550 sen-

270 1582 421 1650 tentiam.
473 1582 579 1666 Quod
602 1583 724 1652 eximie
745 1583 961 1654 confirmatur
977 1606 1043 1668 eo,
1077 1582 1172 1674 quod
1200 1584 1391 1669 Pausanias,

272 1685 365 1755 ouius
386 1685 491 1754 verba
511 1708 613 1778 supra
635 1686 827 1778 posuimus,
859 1687 992 1779 signum
1013 1685 1153 1756 Veneris
1176 1685 1321 1756 victricis
1343 1689 1390 1756 ab

271 1787 538 1878 Hypenunestra
571 1787 721 1858 dicatum
758 1788 881 1860 scribit
938 1790 1075 1859 Partem
1112 1788 1270 1857 orationis
1298 1789 1390 1858 illius

169 1890 415 1962 lbservavit
438 1889 633 1961 Athenaeus
655 1891 748 1962 Xlll.
766 1914 802 1983 ρ.
823 1889 911 1960 999.
925 1892 968 1960 A.
984 1889 1088 1963 ειαλ
1065 1920 1085 1965 o
1108 1917 1330 1985 οεμνοτατος
1356 1889 1392 1966 d
1521 1935 1522 1950 ¹

271 1981 490 2084 Aioxvior’
472 2019 511 2066 εν
530 1999 611 2076 ταῖς
626 1993 811 2070 Δαναΐσιν
831 1985 949 2091 ον’τήν
964 1988 1123 2092 παράγει
1147 2021 1216 2093 την
1239 1990 1391 2093 Ἀ’φρο-
1513 2019 1516 2024 ’

270 2095 372 2194 δι’την
397 2097 588 2191 λέγουσαν

424 2300 492 2396 ἐρᾷ
516 2299 585 2394 με”ν
611 2292 718 2393 οἷγνος
744 2295 898 2394 οὐρανος
924 2298 1064 2423 opnione
1089 2292 1221 2390 χθόνα,
1313 2302 1314 2310 '

423 2405 510 2498 ἔρως
536 2403 574 2476 dd
599 2409 707 2496 γαῖαν
732 2403 913 2497 λαμβάνει
937 2397 1060 2498 νόμον
1086 2409 1237 2524 τυχεῖν,
1333 2403 1339 2424 ”

423 2503 563 2601 ὄμβρος
589 2501 626 2578 d
653 2499 713 2576 oin
739 2501 932 2588 εὐνάοντος
957 2502 1117 2602 ούρανοῦ
1141 2499 1259 2578 naono

422 2609 524 2681 ἕννοε
548 2614 676 2701 γαῖαν·
702 2634 723 2703 η
751 2609 789 2681 δὲ
814 2608 979 2681 τίκτεται
1003 2611 1152 2703 βροτοῖς

345 2707 371 2778 5
421 2704 547 2806 μήλων
573 2737 614 2784 τε
638 2703 772 2802 βοοιιας
796 2711 856 2784 καὶ
881 2710 965 2805 βίον
990 2704 1226 2830 Δημήτριον·

423 2812 614 2906 δενδρῶτις
640 2809 780 2908 ὥραιλ
806 2818 843 2885 ἐν
870 2811 1073 2898 νοτίζοντος
1096 2837 1218 2904 γαμου
1350 2847 1357 2864 ·

421 2907 597 2995 τε’λειός’
579 2937 676 2987 εστι·
702 2910 852 2986 τῶνδ’
834 2909 903 3014 syci
926 2913 1128 3024 παραίτιος.
1275 2929 1280 2935 ’

268 3119 319 3188 lta
344 3117 512 3186 scribendi
533 3115 572 3184 hi
593 3138 716 3186 versus.
766 3089 881 3184 Affert
905 3136 980 3202 eos,
1014 3091 1141 3183 omissis
1161 3113 1295 3182 duobus
1315 3138 1385 3208 po-

222 3241 223 3246 ’
267 3222 415 3307 stremis,
440 3222 541 3290 etiam
555 3215 748 3288 Eustatbius
772 3243 808 3312 p.
824 3215 912 3306 918,
940 3167 1000 3286 24
1027 3216 1131 3309 (ebt,
1147 3217 1182 3288 9.
1201 3218 1269 3288 Bas
1271 3218 1297 3309 )
1322 3218 1383 3288 sed

268 3317 430 3416 deceptus
460 3327 504 3392 ab
530 3325 699 3416 epitome,
737 3345 843 3411 quum
873 3323 924 3392 ibi
958 3322 1076 3413 paullo
1105 3331 1182 3390 aute
1220 3321 1384 3411 Aeschyli
1521 3363 1522 3416 3

265 3427 484 3497 Alexandrini
498 3426 625 3496 mentio
642 3426 733 3496 facta
748 3434 850 3512 esset,
875 3425 922 3492 itu
932 3426 1065 3494 scribit.
1089 3424 1153 3496 ναί
1166 3449 1220 3504 τις
1235 3418 1383 3514 Αἰσχύ-

267 3535 348 3621 λος,
376 3557 443 3620 ονχ
466 3528 487 3603 o‘
508 3533 544 3612 ἐξ
560 3524 749 3626 Αθηνολν,
777 3521 860 3602 α’λλ
884 3519 1210 3624 Λλεξανδρεύς,“
1182 3521 1382 3620 ωςήιιατα
1521 3527 1522 3576 l

266 3661 335 3708 τον
350 3626 594 3730 Αθήναιον
580 3630 724 3726 ιοτορία
740 3633 857 3740 δηλοῖ,
885 3629 1004 3725 φησίν.
1054 3628 1215 3698 Versul.
1241 3629 1381 3698 Grotius

265 3737 301 3803 in
333 3735 510 3826 Exeerptis
544 3748 581 3825 p.
613 3729 675 3805 45.
710 3742 746 3801 et
775 3755 818 3802 ex
852 3755 894 3800 oo
927 3733 1116 3804 Gatukerus
1142 3731 1187 3800 ad
1220 3732 1381 3800 Antonin.

264 3860 300 3929 p.
316 3837 403 3906 393.
422 3837 564 3936 τρῆααι
616 3835 780 3906 venue.
795 3835 945 3927 epitome
960 3833 1133 3906 Athenaei
1145 3834 1384 3906 etEustutbius

266 3932 476 4022 εννὰοντος,
514 3939 638 4009 sedin
663 3939 812 4060 epitome
837 3939 883 4006 ad
910 3941 1044 4008 tertiam
1068 3939 1232 4030 syllabam
1258 3959 1380 4030 supra·
1482 4011 1484 4016 ,
1521 3959 1522 4014 ι

153 4099 156 4104 .
265 4042 472 4131 scriptume.
489 4043 551 4113 (λα’
556 4043 628 4112 tius
647 4038 869 4122 εὐνοοῦντος.
921 4042 1190 4112 Valckenarius
1181 4065 1216 4109 un
1234 4041 1376 4110 Diatrib.
1521 4085 1522 4116 ι

266 4143 311 4212 de
331 4143 390 4216 Fr.
415 4147 534 4236 Eurip.
560 4169 597 4238 p.
622 4142 684 4213 ot.
712 4145 786 4214 sed„
797 4143 1003 4232 dubitanter,
1029 4139 1235 4242 ον’ραλεντος.
1287 4142 1379 4228 Quin
1521 4211 1522 4214 ,

264 4245 409 4316 Bothius
439 4244 660 4334 οὐνοῖζοντας.
709 4249 820 4317 Recte
844 4269 879 4316 sc
901 4248 1006 4318 habet
1030 4243 1239 4336 εὐνάοντος,
1270 4247 1377 4330 verbo

214 4356 224 4369 ⁸
264 4350 310 4417 ad
340 4350 533 4455 cuemplum
551 4351 696 4422 Homeri
720 4352 813 4422 tacto
842 4349 911 4422 od.
927 4359 970 4426 ν.
998 4349 1086 4420 199.
1207 4390 1208 4394 =
1317 4376 1320 4382 ‘
1386 4364 1391 4374 “
