3058 5046
270 345 334 412 1OE
374 340 435 402 DE
462 338 725 402 Hlsuonrnn
744 336 966 402 nnlncnu
989 336 1274 399 Pnlnonnlrs

268 511 466 584 memoriam
484 519 637 605 superat,
664 518 703 582 nt
716 509 897 580 rectissime
908 509 982 600 quis
995 529 1037 580 er
1051 530 1112 594 eo,
1137 506 1234 598 qnod
1248 508 1378 594 fecerit,

269 617 470 708 appelletur.
518 615 607 687 Loci
625 635 706 686 vero
725 622 876 683 manente
901 612 1004 702 quisi
1027 611 1101 680 aliis
1114 631 1217 699 quam
1238 611 1302 680 suis
1317 633 1383 680 no,

268 719 412 790 minibus
431 727 612 804 vocantur,
636 727 695 788 aut
715 716 842 809 ignoti,
868 725 925 784 aut
945 714 1094 785 ementiti
1114 715 1223 784 videri
1244 714 1381 799 debent,

267 822 457 894 nominibus
473 822 539 892 illis
559 823 693 912 quales,
718 843 787 890 non
808 818 867 910 qui
880 820 961 904 sint,
985 817 1219 887 indicantibus.
1270 817 1318 886 Et
1335 818 1381 886 de

266 925 393 1018 ignotis·
423 925 561 1015 quidem
588 925 671 995 locis
703 946 772 993 non
800 921 969 992 difficilius
998 920 1182 992 credebant
1216 917 1381 1006 homines,

268 1049 370 1119 qnam
392 1027 439 1097 de
453 1027 666 1113 hominibus,
690 1029 770 1117 quia
782 1025 895 1096 dehis
911 1024 1017 1093 fidem
1031 1023 1381 1114 habebantnarranti:

268 1133 356 1200 notis
382 1140 495 1200 antem
524 1131 559 1200 in
583 1130 776 1224 regionibus
808 1129 836 1197 si
860 1127 995 1196 nomina
1024 1128 1180 1202 locorum
1206 1148 1275 1194 non
1303 1149 1382 1196 vera

268 1244 531 1304 commemorata
563 1233 720 1320 luissent,
766 1232 980 1302 detraxissent
1014 1253 1054 1299 ea
1093 1230 1230 1298 nanctis
1264 1228 1381 1316 fidem,

268 1338 349 1427 quin
373 1338 521 1406 scivisset
546 1337 706 1428 quisque,
740 1357 809 1404 non
832 1344 960 1404 exstare
983 1355 1052 1402 eos.
1104 1333 1203 1402 Vnde
1223 1355 1302 1402 sane
1319 1333 1382 1402 ab·

268 1439 406 1510 surdum
419 1441 601 1526 videbitur,
633 1441 669 1509 in
685 1440 742 1524 iis,
767 1461 854 1528 quae
876 1438 920 1506 de
943 1439 1029 1506 notis
1047 1436 1242 1527 regionibus
1255 1458 1382 1518 *narra-

267 1544 406 1628 bantur,
439 1545 521 1614 ficta
539 1552 698 1635 usurpata
718 1565 791 1612 esse
810 1540 953 1610 nomina.
1004 1541 1052 1610 At
1073 1538 1282 1629 quantumvis
1302 1560 1383 1628 spe-

269 1647 361 1716 ciosa
378 1645 467 1717 haec
479 1646 724 1739 argumentatio
741 1646 798 1729 sit,
822 1666 892 1712 non
912 1644 1034 1714 evincit
1053 1651 1184 1727 tamen,
1209 1651 1247 1710 ut
1262 1651 1381 1731 poetas

267 1769 336 1816 non
358 1749 459 1818 etiam
478 1749 516 1816 in
533 1751 688 1820 locorum
713 1747 901 1818 nominibus
923 1747 1044 1814 cadem
1068 1748 1216 1828 ratione,
1250 1767 1319 1835 qua
1347 1746 1382 1812 in

267 1849 461 1936 hominum,
494 1874 570 1920 usos
589 1876 660 1920 esse
679 1859 875 1919 statuamus:
899 1849 1005 1916 modo
1028 1849 1294 1933 meminerimus,
1319 1871 1382 1936 no-

266 1953 375 2038 mina,
400 1976 489 2043 quae
507 1956 550 2022 ab
563 1963 689 2022 natura
712 1975 826 2022 rerum
846 1951 948 2021 ducta
971 1960 1062 2036 sunt,
1096 1973 1164 2020 non
1186 1974 1257 2019 esse
1275 1950 1381 2022 conti-

243 2060 340 2124 bnuo
356 2056 437 2125 ficta
456 2056 608 2142 nomina,
640 2056 701 2126 sed
720 2080 760 2126 ea
775 2054 1009 2124 tantummodo
1034 2056 1114 2125 ficta
1136 2047 1382 2140 dicendumne,

268 2169 357 2248 q'nac
382 2158 519 2244 abhis,
552 2159 671 2249 quibus
691 2161 726 2250 in
747 2159 815 2226 vita
835 2157 1006 2227 communi
1027 2158 1222 2242 utebantur,
1256 2157 1381 2226 discre-

268 2271 360 2353 pant
410 2263 498 2330 Nam
520 2273 642 2352 poetae
666 2263 717 2330 illi
737 2263 807 2330 sine
831 2257 935 2328 dubio
957 2260 1043 2332 locis
1064 2282 1132 2328 non
1150 2261 1258 2328 mirrus
1276 2283 1381 2350 ‘quam

267 2364 461 2434 hominibus
483 2367 528 2434 ab
553 2374 671 2435 natura
694 2363 813 2434 eornm
838 2364 1008 2432 faciebant
1030 2364 1181 2442 nomina:
1217 2364 1279 2432 sed
1305 2364 1382 2453 quia

258 2469 448 2538 *manebant
473 2469 560 2552 luci,
592 2477 792 2540 *manserunt
811 2467 913 2536 etiam
941 2467 1096 2551 nomina,
1134 2477 1168 2536 et
1194 2467 1383 2538 factasunt

267 2572 417 2663 propria.
469 2571 609 2640 Certum
633 2573 722 2640 enim
744 2571 893 2655 uidetur,
932 2570 1040 2638 multa
1068 2571 1224 2638 locorum
1248 2570 1383 2638 nomina

145 2746 149 2762 ¹
269 2693 311 2740 ex
342 2672 395 2742 his
421 2683 599 2764 poetarum
624 2674 748 2742 fabulis
775 2673 941 2764 originem
968 2673 1113 2746 traxisse.
1173 2673 1242 2742 Vbi
1271 2685 1383 2742 autem

267 2775 363 2858 loca,
400 2798 487 2864 quae
514 2776 582 2844 iam
609 2775 781 2846 habebant
807 2776 943 2844 nomina
971 2799 1047 2861 sua,
1087 2775 1385 2846 commemoranda

269 2885 393 2960 essent,
418 2878 570 2968 ineptum
592 2879 707 2948 fnisset
729 2881 796 2948 alia
815 2880 854 2948 iis
874 2880 1009 2948 nomina
1027 2880 1191 2963 tribuere,
1220 2881 1300 2967 quia
1313 2880 1383 2946 iam

267 2980 335 3064 illi,
367 2980 425 3070 qui
448 2981 549 3072 primi
573 2982 712 3049 nomina
730 2983 792 3050 ista
812 2983 1022 3068 invenerant,
1054 3004 1094 3050 ea
1114 2990 1171 3050 ant
1199 2983 1241 3049 ab
1265 2989 1407 3063 natura,

268 3083 403 3151 illorum
417 3084 589 3169 locorum,
616 3094 674 3154 aut
690 3087 734 3154 ab
752 3087 866 3174 aliquo
882 3085 1095 3154 memorabili
1111 3085 1201 3154 facto
1218 3084 1384 3175 deprom-

224 3255 228 3262 ,
268 3195 411 3278 pserunt
462 3188 641 3256 Praeterea
659 3188 693 3256 in
708 3189 824 3273 rebus,
850 3213 938 3278 quae
953 3190 1012 3257 ubi
1034 3199 1129 3258 actae
1149 3195 1274 3272 essent,
1298 3188 1385 3256 nihil

267 3289 425 3373 referret,
462 3311 541 3380 vera
569 3292 724 3360 locorum
750 3292 901 3378 nomina,
942 3315 1031 3381 quae
1051 3291 1308 3364 accommodata
1330 3291 1384 3358 his

267 3390 368 3461 rebus
393 3401 517 3478 essent,
542 3390 868 3475 delectavidentu13
893 3417 957 3464 nec
980 3397 1105 3479 minus,
1135 3418 1222 3483 qnae
1242 3395 1328 3462 notis
1350 3395 1383 3460 in

224 3567 228 3582 ¹
268 3493 462 3584 regionibus
480 3495 578 3588 gesta
601 3506 712 3582 erant,
737 3499 777 3564 iis
797 3498 1009 3589 potissimum
1029 3499 1063 3565 in
1087 3497 1171 3566 locis
1192 3498 1283 3566 locta
1306 3496 1383 3580 diei,

268 3618 413 3685 qnorum
435 3611 517 3689 apta
544 3601 644 3668 rebus
671 3600 739 3668 istis
759 3603 896 3670 nomina
915 3602 1149 3670 invenirentur.
1208 3601 1382 3669 Postremo

268 3698 340 3768 hoc
360 3722 498 3790 quoque
518 3713 677 3793 reputare
695 3702 875 3790 debemus,
904 3705 1018 3773 multis
1038 3704 1170 3771 fabulas
1188 3703 1264 3770 illas
1284 3701 1384 3770 addi·
1517 3765 1518 3816 ,

246 3804 423 3875 tenentis
443 3812 615 3873 exornatas
635 3806 680 3873 ad
701 3828 762 3874 nos
780 3808 989 3898 pervenisse:
1014 3805 1105 3874 unde
1117 3806 1190 3875 veri
1203 3806 1310 3874 simile
1325 3813 1383 3890 est,

269 3924 375 3991 quum
393 3905 477 3974 iusta
495 3929 610 3976 earum
630 3908 861 4000 interpretatio
879 3912 950 3979 iam
962 3909 997 3978 in
1015 3909 1222 3978 oblivionem
1239 3908 1386 3991 abiisset,

269 4012 305 4072 et
323 4019 513 4079 commenta
526 4018 706 4104 poetarum
719 4012 794 4104 ipsa
812 4036 894 4081 vera
909 4037 980 4082 esse
997 4013 1230 4097 crederentur,
1256 4012 1384 4080 multo-

268 4106 344 4174 rum
365 4112 539 4181 accessisse
561 4117 916 4186 commemorationem
934 4117 1108 4202 locorum,
1134 4137 1278 4206 quorum
1292 4114 1387 4182 nulla

268 4209 304 4277 in
325 4208 450 4280 fabulis
469 4213 535 4282 istis
557 4217 684 4287 mentio
707 4218 826 4302 luerat
876 4221 969 4292 Hinc
990 4221 1119 4310 aliquot
1138 4227 1214 4287 sunt
1230 4219 1387 4287 locorum

269 4311 423 4402 uomina„
452 4338 597 4408 quorum
612 4317 812 4415 significatio
824 4322 1000 4416 quomodo
1014 4347 1094 4398 cum
1106 4323 1208 4392 rebus
1219 4321 1269 4392 ibi
1284 4320 1395 4414 gestis.
