3058 5046
155 324 171 340 ’
259 373 325 438 214
366 321 955 430 us·u1sr0n1rnenrrcrs
981 363 1264 427 rmuoncns

260 537 361 634 yslo,
392 537 571 624 Minima,
603 535 850 621 Αὐτεσίωνος,
883 536 1036 604 Vltronei
1061 536 1150 620 lilia,
1174 530 1374 632 Εὐρυσθέ-

261 669 322 737 νης
343 651 377 711 et
398 640 562 737 Προκλῆς
568 696 581 729 ,
607 643 804 732 Latipotens
827 649 860 710 et
878 641 1065 711 Proclutus.
1124 638 1238 707 Etiam
1260 636 1375 706 classis

262 745 406 829 afflicta,
432 744 529 833 quod
540 739 728 843 Ἱππότης,
753 743 922 832 Equitius,
948 743 1035 810 filius
1052 735 1249 828 Φύλαντος,
1277 741 1375 809 Gen-

261 846 354 935 tiani,
380 847 439 937 qui
460 871 501 916 ex
514 841 693 940 Ἀντιόχῳ
703 901 717 935 ,
743 848 935 933 Pertinace,
959 867 1067 937 nepos
1088 852 1159 930 eret
1176 843 1373 934 Poplicluti,

260 958 372 1020 vatem
390 950 571 1039 quemdam
589 950 815 1020 interfecisset.
866 949 1008 1039 Deque
1036 971 1073 1016 re
1095 947 1269 1016 oraculum
1290 967 1376 1014 con-

262 1053 381 1122 sulenti
400 1053 579 1122 lmmansio
601 1075 797 1144 responsum
820 1060 887 1142 est,
913 1051 1053 1141 Equitio
1070 1049 1115 1144 ad
1137 1049 1257 1118 decem
1273 1071 1375 1116 annos

261 1157 297 1224 in
312 1155 462 1224 exsilium
478 1165 572 1240 acto,
598 1155 686 1225 duce
700 1164 847 1224 uteretur
864 1154 1019 1229 trioculo.
1070 1153 1210 1220 Invento
1224 1145 1359 1246 Ὀξύλῳ
1360 1205 1376 1240 ,

260 1259 427 1344 Acutulo,
461 1255 746 1355 Ἀνδραίμονος,
780 1258 961 1327 Cruentani
980 1258 1005 1325 f.
1026 1256 1083 1346 qni
1106 1277 1175 1323 uno
1196 1255 1299 1325 oculo
1316 1277 1377 1324 ca-

260 1370 339 1452 ptus
357 1381 445 1450 equo
467 1362 649 1447 insidebat,
682 1363 774 1430 exsul
796 1356 974 1446 ἰιιἨλιν,
1008 1360 1214 1440 Palantiarn‚
1241 1368 1275 1426 et
1295 1357 1378 1425 inde

261 1464 295 1530 ln
320 1463 526 1551 Αἰτωλίαν,
559 1463 784 1549 Mendiciam‚
817 1472 1043 1546 concesserat,
1080 1462 1148 1530 iam
1175 1471 1286 1530 nutem
1310 1459 1377 1527 do-

260 1589 355 1635 mum
372 1566 521 1650 redibat,
545 1565 638 1638 bunc
660 1568 783 1636 ducem
798 1567 944 1656 sequuti,
970 1567 1123 1648 vincunt,
1150 1564 1376 1651 occiduntque

261 1669 468 1750 Vindicium
505 1669 570 1760 ipsi
590 1680 701 1738 autem
721 1672 874 1739 amittunt
894 1669 982 1737 filios
1000 1667 1199 1759 Αἰγιμίου,
1224 1666 1378 1751 Exsultii,

262 1765 471 1865 Πάμφυλον
510 1779 543 1838 et
581 1767 787 1864 Δύμαντα,
826 1772 1070 1862 Omnigenium
1101 1780 1135 1838 et
1157 1770 1376 1838 Immersium.

215 1875 256 1939 21
266 1873 462 1961 Sortitisque
482 1873 605 1942 deinde
618 1876 901 1966 Peloponnesum,
927 1873 1107 1950 Immansio
1122 1869 1274 1968 Ἄργος,
1305 1872 1377 1940 Μὶ-

261 1997 339 2057 cua3
378 1969 557 2068 Optimatii
577 1977 654 2046 filiis
684 1977 943 2070 Λακεδαίμων,
986 1975 1209 2055 Divilocutia3
1248 1978 1377 2071 Κρεσ-

261 2072 398 2173 φόντῃ,
425 2080 683 2168 Primoricidee‚
709 2069 1105 2179 Mecop'vq‚“Mediana,
1132 2078 1265 2169 obtigit.
1298 2077 1377 2144 Ho-

133 2261 135 2271 Α
259 2203 335 2248 rum
354 2180 412 2252 hic
436 2205 547 2252 sensus
574 2192 632 2251 est.
692 2181 762 2267 Qui
782 2192 950 2274 superstes
980 2194 1051 2252 erat
1073 2182 1252 2266 exercitus,
1284 2180 1377 2250 novis

262 2283 369 2374 copiis
392 2295 509 2355 auctus
530 2287 652 2354 iterum
673 2294 778 2356 tentat
801 2287 1090 2377 Peloponnesum
1115 2283 1177 2352 sed
1197 2283 1296 2380 clade
1305 2305 1377 2352 iac-

262 2397 379 2478 cepta,
418 2385 669 2479 fortissimisque
699 2388 858 2458 militibus
887 2389 1034 2472 amissis,
1070 2388 1104 2456 in
1132 2387 1274 2479 regione
1303 2387 1377 2454 altis

259 2491 427 2559 montibus
449 2502 544 2583 septe
560 2493 699 2562 classem
720 2502 827 2584 parat.
878 2492 931 2560 Ibi
944 2491 1129 2560 moriuntur
1143 2489 1297 2558 homines
1309 2512 1378 2557 no-

259 2592 427 2660 bilissimi:
461 2597 612 2683 reliquae
632 2593 744 2663 tamen
768 2597 845 2662 satis
865 2595 1009 2663 idoneae
1026 2592 1140 2662 adbuc
1153 2595 1275 2684 copiae
1289 2601 1377 2676 sunt,

260 2716 343 2785 quas
370 2697 533 2764 nobilium
561 2697 697 2766 illorum
732 2698 863 2766 claritas
900 2697 944 2764 ad
975 2707 1086 2789 partes
1116 2697 1266 2788 ipsorum
1295 2719 1377 2787 per-

260 2796 410 2864 duxerat.
462 2799 533 2867 Sed
560 2799 683 2888 classe,
710 2823 798 2890 quae
823 2801 979 2870 confecta
1001 2809 1089 2884 erat,
1114 2823 1177 2891 per
1192 2809 1378 2890 tempesta-

259 2907 328 2967 tem
351 2898 507 2985 disiecte,
543 2901 636 2972 cuius
657 2904 706 2970 rei
729 2901 832 2994 culpa
854 2904 1063 2973 referebatur
1093 2903 1137 2970 ad
1160 2913 1290 2987 nautas,
1317 2901 1378 2989 qui

259 3011 452 3093 suspectum
492 3004 675 3094 quemdam
715 3006 972 3094 interfecissent,
1025 3007 1085 3074 diu
1125 2999 1263 3074 dilatam
1302 3025 1378 3072 esse

261 3105 520 3195 expeditionem.
604 3107 786 3195 Tandem,
833 3110 1000 3196 ,exsulem
1050 3108 1258 3199 quemdam,
1318 3107 1379 3196 qni

261 3207 368 3278 caede
403 3220 598 3303 perpetrata
633 3213 777 3282 multum
808 3223 948 3305 vagatus
986 3221 1021 3282 et
1056 3212 1264 3284 mendicatus
1295 3220 1378 3294 erat,

247 3309 368 3378 debili
403 3324 475 3382 rate
514 3314 639 3384 fretum
678 3317 831 3388 traiicere
873 3317 1040 3400 videntes,
1088 3339 1129 3384 ea
1172 3327 1269 3407 parte
1311 3314 1378 3406 ipsi

228 3499 229 3504 ἵ
260 3434 397 3504 quoque
416 3415 608 3502 traiciunt,
650 3441 793 3508 eosque,
835 3443 856 3487 a
889 3421 1008 3509 quibus
1042 3418 1159 3490 afflicti
1191 3427 1267 3487 ante
1301 3417 1379 3486 fue-

260 3527 351 3605 rant,
388 3521 457 3588 acri
479 3520 613 3612 proelio
632 3521 784 3592 vincunt:
815 3522 849 3591 in
869 3533 939 3612 qno
962 3523 1023 3590 etsi
1046 3523 1112 3614 ipsi
1131 3517 1270 3612 quoque
1295 3528 1378 3610 ptr-

259 3627 330 3692 tem
357 3623 506 3692 omnium
535 3624 702 3695 sociorum
733 3634 768 3696 et
799 3627 858 3714 qui
895 3626 1039 3702 maxime
1066 3625 1103 3693 iu
1133 3627 1208 3694 acie
1235 3625 1377 3706 fuerant,

259 3724 430 3894 phmittunt,
456 3735 569 3797 tamen
588 3729 732 3798 victores
757 3729 917 3800 trifariam
943 3728 1218 3820 Peloponnesum
1236 3728 1322 3796 inter
1343 3749 1378 3796 se

116 3875 130 3885 α
286 3825 424 3898 ‘vidunt

169 4105 170 4108 ,
362 4030 497 4104 Deduxi
523 4035 612 4106 haec
640 4057 701 4121 eo,
735 4058 803 4126 quo
827 4035 996 4106 volebam.
1049 4038 1147 4123 Quae
1174 4037 1292 4121 sisic,
1329 4035 1379 4103 uti

262 4130 349 4216 dixi,
384 4134 607 4229 intelligenda
627 4148 717 4224 sunt,
749 4141 871 4208 mirum
899 4150 968 4226 est,
1000 4141 1047 4210 ad
1071 4163 1176 4230 quam
1198 4140 1379 4231 exilitatem

259 4242 312 4303 tot
332 4234 617 4328 splendidissimae
639 4244 843 4322 narrationes
868 4249 1096 4314 extenuentur.
1147 4243 1237 4312 Nam
1262 4250 1301 4310 ut
1324 4241 1379 4307 lo·
1442 4299 1445 4316 ,

262 4359 380 4410 corum
401 4343 537 4414 nomina
556 4347 651 4419 omni
666 4347 809 4418 fictionis
827 4348 1015 4441 suspicione
1034 4349 1141 4418 libera
1162 4369 1235 4417 esse
1252 4354 1379 4416 statua-
