3078 5026
285 359 373 424 144.
434 353 680 460 DE'CIIORO
709 353 997 418 EVMENIDVM
1016 353 1248 419 luscum

283 551 412 598 versam
427 525 655 597 Eumenidum
668 526 855 613 fortunam,
880 535 918 597 ιιι
941 528 1084 619 scriptor
1104 527 1191 598 vitae
1208 529 1277 598 eius
1290 535 1418 612 testa,

230 639 234 658 ¹
282 641 354 719 tur,
388 631 550 704 credibile
569 640 637 717 est,
672 631 708 698 in
737 631 964 699 Eumenidum
988 632 1220 702 commissione
1247 633 1414 730 tabulatu·

260 728 460 820 ‘moluisse
493 733 588 824 qnod
621 733 668 802 ob
694 756 770 804 cam
799 755 873 800 rem
910 734 974 802 iter
998 735 1089 805 istud
1113 744 1304 828 susceptum
1330 759 1402 806 esse

284 839 407 909 Suidas
424 833 516 908 dicit.
566 837 688 926 Atqui,
713 845 750 904 ut
763 859 807 904 ne
820 845 992 927 repetam,
1018 839 1114 927 qnod
1128 839 1327 930 supradixi,
1354 839 1415 926 det
1460 911 1463 918 ,

283 941 414 1034 duplici
427 941 654 1010 Eumenidum
676 939 908 1009 commissione
929 963 1002 1008 rem
1017 942 1168 1013 nondum
1189 942 1401 1012 demonstra-

256 1045 361 1113 fitam
377 1067 466 1129 esse,
492 1044 619 1112 Suidae
634 1043 859 1110 testimonium
876 1043 961 1110 nihil
982 1045 1158 1136 probabit,
1184 1047 1212 1113 si
1235 1045 1401 1123 nutritae

281 1148 425 1240 scriptor
445 1146 538 1215 aliud
565 1146 662 1230 dicit,
688 1168 789 1234 qnam
807 1145 974 1216 dicere
942 1169 1029 1216 ursus
1050 1156 1099 1216 est
1115 1148 1316 1233 Boeckhio,
1342 1157 1402 1216 aut

272 1247 491 1340 Aeschylum
511 1249 671 1342 pluries
661 1271 697 1316 ιι
717 1249 867 1317 Siciliam
891 1228 1085 1340 profectum
1112 1274 1181 1320 esse
1209 1259 1409 1344 statuemus

281 1354 336 1423 Ac
351 1355 395 1423 de
412 1354 499 1422 ¹sitne
512 1353 674 1443 scriptore
687 1374 746 1419 res
752 1353 855 1443 plana
870 1361 927 1419 est
953 1351 1021 1424 Hic
1037 1356 1126 1422 enim
1138 1377 1203 1446 pro
1218 1355 1398 1424 Boeckhio

281 1456 369 1526 nihil
394 1458 537 1550 probat,
572 1475 638 1548 pro
670 1465 790 1524 nostra
828 1455 990 1523 sententia
1026 1467 1259 1550 argumentum
1295 1480 1401 1548 prae-

281 1561 342 1629 bet
356 1561 603 1652 gravissimum,
630 1557 923 1648 quandoquidem,
949 1567 988 1625 ut
999 1559 1034 1626 in
1044 1561 1155 1650 prima
1170 1560 1408 1651 dissertatione,

282 1664 506 1748 ostendimus,
532 1662 656 1730 Furiae
680 1655 1115 1758 onopoidnuintroductae,
1142 1687 1225 1753 quas
1246 1685 1401 1756 commc-

281 1775 410 1852 morat,
441 1767 486 1834 ad
503 1766 599 1833 istam
619 1765 790 1849 fabulam,
817 1787 919 1853 quam
936 1764 1043 1834 hodie
1067 1789 1204 1857 quoquc
1223 1766 1401 1851 habemus,

279 1871 457 1960 pertinent.
509 1867 608 1950 Quae
623 1867 741 1936 sabula
753 1889 859 1955 quum
872 1867 906 1934 in
923 1866 975 1934 his
988 1869 1029 1936 sit
1048 1870 1252 1961 tragoediis,
1279 1871 1400 1959 quibus

279 1970 475 2062 Aeschylus·
494 1969 633 2061 Olymp.
660 1970 798 2038 LXXX.
823 1967 856 2034 2.
883 1971 990 2038 victor
1014 1971 1095 2062 luit,
1120 1995 1231 2062 neque
1246 1974 1400 2066 collapsa

278 2075 428 2144 tabulata
441 2074 487 2142 ad
510 2074 740 2141 Eumenidum
753 2072 1021 2142 commissionem
1035 2075 1125 2144 trahi
1140 2085 1311 2166 poterunt,
1336 2073 1412 2144 ne-'

183 2193 189 2205 “
278 2201 347 2269 qne
361 2177 489 2270 poeta
480 2200 515 2244 ιιι
529 2176 677 2246 Siciliam
701 2175 837 2261 abiisse,
864 2175 958 2264 quod
979 2178 1186 2248 Eumenides
1207 2202 1275 2247 non
1291 2181 1404 2260 stetis-1

174 2325 177 2330 ·
200 2275 203 2284 ’
279 2291 371 2368 sent,
402 2281 617 2352 iudicabitur
667 2279 790 2368 Itaque
806 2289 974 2370 superest,
1000 2290 1038 2349 ut
1054 2282 1099 2352 de
1121 2305 1163 2350 eo
1186 2305 1398 2372 quaeramus,

278 2410 322 2457 au
335 2375 525 2506 Aeschylus
539 2384 672 2475 saepius
687 2383 720 2449 in
743 2381 856 2452 Sicilia
876 2383 987 2451 fuerit.
1038 2385 1137 2470 Quae
1153 2409 1207 2461 res
1223 2409 1292 2475 quo
1311 2387 1399 2458 faci-

276 2490 345 2558 lius
360 2489 510 2581 perspici
535 2488 655 2577 possit,
684 2495 842 2576 tempora
863 2481 1027 2577 Aeschyli
1053 2511 1131 2559 cnm
1155 2490 1235 2582 ipsis
1256 2489 1399 2582 scripto-

277 2615 354 2662 rum
375 2590 632 2660 dissensionibus
656 2585 855 2658 describam.

137 2849 168 2904 .‘
276 2792 420 2886 Olymp.
446 2795 570 2866 LXIII.
591 2793 626 2864 4.
652 2795 759 2866 Natus
797 2793 987 2886 Aeschylus
1028 2797 1213 2868 secundum
1251 2819 1400 2868 marmor

651 2899 789 2966 Parium
829 2900 875 2968 ad
915 2899 1055 2989 Olymp.
1095 2902 1235 2970 LXXII.
1284 2901 1319 2968 3.
1366 2909 1399 2970 et

649 3000 803 3070 LXXXI.
823 3001 856 3069 1.
880 3026 921 3072 ac
944 3003 1086 3072 Suidam
1103 3003 1138 3070 in
1159 3027 1189 3072 v.
1204 2997 1400 3094 Αἰσχύλος.
1536 3063 1537 3084 ,

278 3153 420 3250 Olymp.
446 3153 569 3224 LXIV.
594 3151 630 3222 4.
656 3153 725 3223 Hic
761 3155 828 3224 Aes
831 3153 950 3245 chylns
978 3155 1162 3226 secundum
1186 3155 1271 3227 alios
1302 3163 1399 3226 natus

521 3268 524 3274 '
655 3266 720 3343 est,
746 3267 784 3326 ιιι
808 3258 896 3326 infra
914 3259 1116 3364 ostendetur.
1188 3275 1192 3280 “

275 3408 421 3552 Olymp.
455 3409 561 3480 LXX.
591 3408 626 3482 1
651 3409 842 3499 Aeschylus
875 3432 962 3482 auno
989 3413 1104 3480 aetatis
1126 3411 1225 3490 XXV
1245 3413 1396 3491 fabulam

426 3557 428 3562 .
553 3569 555 3574 .
652 3513 773 3596 docet,
796 3513 903 3582 Suida
927 3515 1043 3584 teste
1034 3539 1068 3582 ιιι
1087 3538 1119 3587 ι.
1139 3509 1337 3606 Αἰσχύλος,
1364 3525 1397 3584 ct
1536 3505 1537 3594 ?

649 3586 788 3705 quidem
808 3626 937 3687 certans
954 3640 1032 3689 cum
1046 3618 1228 3704 Pratim,
1224 3627 1262 3686 ut
1280 3641 1321 3700 ex
1336 3639 1397 3686 eo-

649 3720 730 3790 dem
741 3719 898 3802 Surdum
918 3743 950 3788 v.
979 3721 1166 3818 Πρατίνας
1188 3697 1395 3812 intelligitur.
1453 3763 1455 3769 ·
1536 3729 1537 3748 ¹

649 3821 811 3914 Collapsa
835 3833 911 3892 sunt
935 3825 1103 3911 tabulata,
1136 3825 1181 3890 ob
1207 3847 1310 3910 quem
1336 3847 1396 3906 ca7

646 3946 721 3991 sum
771 3925 945 4000 conditum
989 3949 1061 4006 esse
1101 3925 1271 4006 theatrum
1315 3925 1396 4020 dicit

649 4025 788 4113 Suidas,
814 4027 907 4116 quod
930 4028 1069 4119 quidem
1096 4045 1180 4120 opus
1204 4029 1396 4120 perfectum

647 4138 698 4199 est
729 4129 867 4198 demum
900 4131 944 4200 ab
976 4131 1138 4225 Lycurgo
1174 4142 1324 4220 oratore,
1358 4143 1397 4203 ut

643 4233 840 4325 ‚Hyperides
867 4235 965 4326 ,apud
991 4237 1171 4329 Apsinem,
1207 4259 1266 4304 seu
1299 4239 1396 4326 quis-

525 4429 529 4440 Δ
648 4338 721 4426 quis
753 4338 852 4407 istum
886 4339 931 4408 de
964 4348 1036 4408 arte
1066 4339 1237 4410 rhetorica
1269 4339 1395 4438 librum
