3080 5054
484 357 748 422 FlllDlllllCO
776 357 999 422 AVGVSTO
1027 361 1142 424 REGI

437 533 511 600 lam
532 539 620 600 serta
641 531 776 624 templis
798 530 943 618 addere,
968 533 1036 602 iam
1058 534 1157 604 decet

437 636 521 706 Aras
542 633 587 704 ad
611 656 725 704 omnes
746 642 780 704 et
798 636 967 727 populum
993 647 1027 706 et
1051 647 1164 731 patres

489 739 627 808 Sincera
649 746 817 831 gratantes
833 740 948 808 dicare

540 841 647 928 Vota,
671 841 722 934 pii
740 841 982 914 monimentum
1004 844 1135 914 amoris.

437 1111 511 1180 lam
537 1109 589 1179 fas
608 1110 800 1203 puellarum
822 1131 866 1180 ac
887 1111 1044 1180 iuvenum
1067 1109 1211 1184 choros·

438 1213 582 1284 Versare
604 1216 697 1310 gyris
720 1214 902 1283 mobilibus
918 1213 1063 1306 pedem,

490 1317 611 1386 Donec
632 1317 738 1386 redux
763 1319 897 1386 Aurora
921 1317 1031 1409 pellet

540 1419 656 1492 Noctis
679 1441 783 1512 equos
808 1420 947 1490 nimium
965 1420 1115 1514 fugaces.

325 1673 331 1686 ¹
441 1690 598 1780 Tuque,
619 1713 642 1760 o
662 1687 852 1780 Thyoneu,
884 1689 1029 1760 laetitiae
1049 1689 1163 1780 dator,

439 1793 557 1880 Adsis,
595 1794 714 1864 vnend
738 1801 892 1884 tempora
919 1794 1082 1884 pampino

490 1895 644 1983 (linctus,
669 1895 940 1984 resignatumque
962 1896 1066 1985 largis

473 2039 480 2056 ,ι
540 1999 663 2068 Funde
686 1997 779 2067 cadis
797 2005 946 2066 veterem
969 1998 1147 2088 liquorem.
1206 2079 1212 2093 Ι

441 2267 499 2336 Tu
522 2275 641 2358 peetus
655 2267 778 2360 imples
801 2269 883 2362 igne
904 2290 1015 2354 sacro,
1044 2275 1156 2358 pater:
1255 2343 1257 2350 Α

440 2371 499 2442 Tu
527 2373 630 2441 verba
651 2381 814 2442 monstras
833 2391 991 2464 promae
1010 2372 1142 2444 liberas.

491 2474 550 2549 Tu
571 2474 631 2543 das
653 2477 797 2546 amicam
819 2475 1034 2561 oblivionem,

569 2576 776 2674 Tthsiger,
800 2578 1125 2650 uberiusremiscens

444 2847 614 2918 Craterast
637 2859 689 2919 est
709 2872 814 2938 quum
832 2873 901 2919 non
924 2850 1110 2919 meminisse
1130 2849 1212 2938 quid

443 2949 627 3034 (londuoit,
654 2959 688 3018 et
708 2974 796 3038 qnae
819 2953 910 3020 facta
926 2953 1038 3020 semel
1055 2959 1147 3020 retro

495 3053 605 3123 Fleoti
624 3061 806 3144 negatum,
831 3051 1033 3144 corrigenda
1088 3103 1090 3108 ,
1131 3111 1137 3122 ,

546 3156 716 3248 Linquere
733 3163 813 3249 post
832 3155 901 3224 alio
921 3157 982 3226 suh
1006 3161 1104 3225 astro.

385 3471 389 3478 -
447 3426 566 3512 Adsis,
596 3449 794 3518 precamur,
828 3429 996 3517 dulceque
1017 3425 1172 3518 porrigas

446 3529 624 3616 Solamen,
649 3539 773 3621 atqua
795 3539 908 3601 mente
926 3531 1026 3602 decet
1046 3551 1174 3599 sacram

496 3633 627 3703 Lucem
641 3635 811 3721 colamus,
835 3635 962 3724 quique
985 3635 1021 3702 in
1040 3634 1115 3701 imis
1135 3659 1158 3703 ¹.

477 3781 481 3792 ·
552 3737 643 3805 Vovit
665 3760 760 3810 aanor
782 3738 927 3822 residens
946 3735 1120 3821 medullis,

315 4105 321 4114 Ι
450 4025 559 4095 Grato
574 4027 741 4120 rependat
762 4035 904 4118 pectore
923 4026 1074 4097 debiturn

450 4129 568 4217 Hvrc,
593 4133 652 4221 qui
671 4134 839 4202 iuventam
859 4131 942 4200 durn
960 4131 1103 4200 viridem
1119 4129 1222 4201 dabat

503 4234 623 4321 Aetas,
657 4235 821 4336 decoram·
839 4257 945 4324 quum
966 4242 1099 4304 senecta

556 4335 720 4418 Canitiem
741 4339 839 4427 tulit,
864 4359 975 4430 usque
987 4347 1157 4426 constans,
