3080 5054
237 283 327 396 'uua
526 331 586 398 un
613 331 755 396 uvsrs
783 329 1098 396 nnvvromovs

262 511 333 596 quo·
353 523 484 598 genere
499 503 613 596 lapsus
635 512 685 574 est
699 504 800 574 etiam
818 495 1026 576 Peterseuins
1042 527 1080 597 p.
1100 502 1185 573 111.
1207 503 1324 574 Musas
1344 513 1383 575 et

262 606 375 676 Horas
389 631 410 676 a
425 607 586 676 Pausania
599 605 625 675 1.
652 606 720 696 18,
746 605 782 674 4.
808 607 941 678 Thestii
953 608 1040 676 filias
1057 607 1232 699 perhiberi
1247 608 1383 679 dicens:

262 709 358 802 quod
381 731 445 780 nec
467 709 579 802 potuit
595 709 709 780 dicere
726 711 921 797 Pausanias,
945 731 1011 780 nec
1033 709 1127 785 dixit.
1179 711 1300 801 Aptius
1320 711 1404 778 aliis

264 833 343 883 cum
353 811 518 904 Euripide
534 814 756 881 Harmoniam
771 812 927 885 dixerunt
939 814 1116 883 Musarum
1131 823 1273 886 matrem
1289 835 1381 887 esse:

218 925 296 989 lov.
317 914 426 984 schol.
441 916 485 984 ad
500 917 617 1008 Eurip.
631 915 727 984 Med.
748 911 835 984 825.
858 917 913 986 ed.
931 916 1056 987 Matth.
1075 925 1110 986 et
1130 918 1169 984 P.
1181 917 1381 986 Elmsleium

263 1021 299 1088 in
325 1018 380 1087 ed.
397 1017 546 1088 Medeae
568 1042 603 1109 p.
628 1017 713 1086 208.
736 1018 909 1089 Ciceronis
929 1021 1068 1110 quidem
1089 1020 1205 1090 locum
1226 1041 1294 1112 ego
1309 1041 1382 1089 non

219 1113 222 1120 ’
261 1129 347 1216 puto
361 1143 403 1190 ex
414 1121 486 1209 his,
515 1144 599 1212 quas
615 1141 704 1191 nunc
719 1122 857 1212 quidem
874 1123 1055 1212 habemus,
1081 1133 1138 1192 aut
1150 1123 1307 1194 codicum
1323 1131 1392 1190 aut,

263 1225 407 1294 aliorum
423 1232 599 1294 anctorum
618 1225 726 1316 copiis
743 1226 913 1294 emendari
934 1243 1047 1317 possae
1096 1227 1185 1295 Nam
1209 1225 1304 1316 quod
1324 1225 1383 1294 fa-
1499 1306 1502 1309 ,

263 1327 330 1398 cite
355 1327 502 1419 cuipiam
522 1329 558 1396 in
579 1339 725 1397 mentem
748 1330 876 1417 veniat,
901 1328 1079 1418 Monetam
1102 1329 1147 1398 ab
1167 1350 1209 1398 eo
1224 1329 1383 1397 nomina-

262 1440 333 1500 tam
356 1453 444 1521 esse,
477 1453 580 1521 quam
604 1431 780 1501 Musamm
805 1440 945 1501 matrem
972 1440 1006 1501 et
1030 1432 1143 1501 Livius
1166 1432 1382 1504 Andronicus

264 1542 298 1602 et
318 1534 475 1626 Hyginus
494 1534 693 1623 perhibent,
721 1534 817 1624 quod
839 1556 964 1604 nomen
985 1535 1085 1604 etiam
1102 1535 1194 1626 apud
1210 1535 1381 1603 Isidorum

264 1633 362 1729 Orig.
385 1637 446 1706 111.
468 1636 527 1705 14.
548 1638 607 1706 ubi
629 1638 656 1706 is
678 1636 795 1706 Musas
811 1638 906 1708 —lovis
928 1647 962 1708 et
985 1638 1158 1707 Minervae
1180 1638 1265 1706 filias
1287 1637 1382 1724 dicit,

262 1738 495 1830 reponendum
524 1739 671 1810 videtur:
707 1735 743 1808 id
765 1751 948 1833 propterea
974 1763 1096 1834 parum
1118 1749 1167 1810 eet
1189 1741 1381 1831 verisimile,

262 1842 358 1932 quod
377 1842 429 1909 ilii
453 1863 569 1910 omues
593 1842 770 1911 Monetam
788 1843 910 1912 Latine
933 1844 1103 1928 dixerunt,
1137 1865 1225 1932 quae
1245 1844 1382 1914 Graece

263 1953 312 2013 est
325 1944 567 2034 Mnemosyne,
593 1956 857 2014 commemorata
878 1946 938 2014 illa
961 1946 1162 2026 aGicerune
1185 1956 1225 2016 ut
1240 1947 1381 2018 aliarum

262 2046 440 2116 Musarum
455 2055 572 2116 mater.
623 2050 737 2136 Atque
756 2047 819 2117 has
835 2070 973 2140 quoqne
991 2049 1235 2139 Mnemosynae
1257 2072 1381 2118 uorem

261 2150 366 2239 filias,
390 2159 428 2218 ut
443 2149 580 2221 taudem
597 2149 637 2240 ,in
650 2151 740 2220 viam
756 2151 913 2242 redeam,
940 2153 1164 2223 amuncribus
1178 2154 1382 2242 quibusdam

226 2335 232 2348 ⁹
264 2254 331 2322 suis
351 2253 540 2347 appellatas
564 2277 651 2338 esse,
684 2255 761 2323 satis
783 2266 900 2326 uotum
921 2264 986 2346 est,
1019 2256 1317 2349 explicueruntque
1340 2281 1391 2327 oa-

265 2355 311 2428 de
338 2379 375 2426 re
394 2356 555 2447 permulti
578 2367 740 2426 veterum.
812 2405 816 2414 .
1180 2359 1182 2362 ’
1315 2409 1317 2414 ,

367 2460 466 2544 Quae
495 2483 600 2550 quum
629 2461 676 2529 ita
703 2461 784 2545 sint,
818 2461 900 2551 quid
924 2461 1062 2533 tandem
1086 2463 1187 2534 fuisse
1219 2464 1381 2558 dicemus,

162 2551 165 2558 ’
264 2561 361 2653 quod
380 2563 609 2654 Epicharmus
625 2586 707 2652 quas
726 2573 858 2654 septem
876 2564 992 2634 Musas
1013 2568 1233 2652 enumeravit,
1259 2570 1299 2636 iis
1316 2589 1382 2658 ap-

262 2665 441 2758 pellaverit
462 2666 669 2752 nominibus,
693 2689 783 2756 quae
806 2689 874 2736 nou
894 2667 1020 2758 Musis,
1051 2670 1113 2736 sed
1134 2671 1292 2762 nymphis
1314 2671 1382 2738 ssu-

264 2768 396 2838 viorum
415 2769 653 2841 convenirent?
686 2769 744 2838 Ad
761 2772 1005 2856 coniecturam,
1032 2772 1263 2844 deficientibus
1286 2773 1383 2842 testi-

263 2870 399 2960 moniis,
439 2871 708 2963 confugiendum
738 2896 809 2942 esse
839 2884 994 2963 apertum
1023 2884 1082 2944 est
1109 2872 1112 2878 ’
1140 2879 1194 2948 Αο
1220 2877 1394 2965 prosecto-

265 2995 385 3043 vereor
414 2996 457 3042 ne
482 2974 651 3044 ludificari
678 2998 715 3045 se
735 2976 824 3066 passi
849 2975 912 3043 sint
940 2975 1136 3066 mythologi
1150 2993 1153 3016 ¹
1167 2977 1282 3067 inepta
1309 2979 1386 3048 sire
1517 3009 1521 3023 ·

267 3077 417 3148 Taetaae
437 3077 605 3163 doctriua,
631 3079 701 3147 sive
722 3080 795 3169 quis
818 3079 899 3168 alius
918 3077 1001 3161 fuit,
1026 3103 1046 3146 a
1067 3075 1222 3167 quoiroc
1239 3079 1301 3148 ille
1320 3101 1396 3150 ac·-

266 3189 413 3270 ceperat
471 3181 566 3265 Quid
592 3180 705 3250 enim?
737 3183 891 3252 Nemone
911 3181 1090 3274 cogitavit,
1121 3178 1383 3274 Epicharmum,

264 3289 406 3375 poetam
427 3285 614 3369 comicum,
637 3307 707 3354 uon
731 3285 831 3354 etiam
855 3285 958 3353 alium
979 3307 1183 3380 quemquam
1205 3286 1304 3354 huius
1326 3287 1384 3355 fa·

265 3384 369 3454 bulas
383 3395 554 3456 auctorem
569 3388 850 3457 commemorari?
874 3399 908 3457 et
922 3411 963 3455 eo
975 3389 1114 3478 quidem
1130 3391 1168 3458 -in
1183 3389 1297 3459 fabula
1310 3388 1383 3460 hoc

267 3488 312 3558 ab
333 3488 395 3557 illo
415 3489 575 3580 scriptum
597 3511 684 3576 esse,
717 3490 810 3560 cuius
833 3492 972 3560 iteratae
996 3492 1135 3560 editioni
1155 3492 1249 3562 lrnnc
1269 3493 1383 3582 ipsum

254 3591 402 3686 titulum
433 3592 610 3670 Musarum
642 3592 786 3664 facerit?
818 3586 1119 3672 'Athenaeosaun
1151 3620 1187 3688 p.
1227 3594 1313 3662 llo.
1338 3597 1395 3663 B..

267 3687 493 3790 Ἐπίχαρμος
518 3696 557 3769 δὲ
582 3699 621 3770 ἑο
636 3693 760 3792 Ἥβης
783 3689 888 3792 γάμῳ
910 3692 977 3768 aar
993 3691 1164 3779 Μούσαις
1187 3697 1316 3786 (τοῦτο
1343 3698 1396 3772 oa-

268 3791 316 3868 ου’
337 3795 461 3893 δρᾶμα
482 3792 649 3894 διασκευή
668 3801 747 3871 ἐστι
766 3799 836 3872 rori
855 3801 1112 3897 προκειμένου)
1139 3798 1259 3896 ἄρτον
1281 3797 1384 3874 iuri·-

268 3901 383 3970 θοοοι
403 3900 499 3996 γένη.
547 3901 588 3970 In
608 3922 649 3968 ea
671 3900 788 3969 fabula
814 3901 899 3970 deos
922 3902 957 3969 iu
977 3903 1102 3995 nuptiis
1122 3903 1240 3972 Hebes
1264 3903 1384 3972 coum-

268 4007 382 4068 vantes
395 4003 567 4073 traductos
583 4003 701 4088 fuisse,
726 4004 782 4072 val
795 4024 919 4073 nomen
931 4005 1061 4096 primae
1076 4005 1229 4075 editionis
1242 4006 1384 4076 indicata

253 4101 416 4192 apertius
432 4113 543 4175 antem
558 4105 709 4178 declarat
721 4106 967 4200 fragmentum,
993 4109 1088 4198 qnod
1110 4131 1152 4176 ex
1169 4109 1383 4179 Musisattu-

230 4229 233 4233 ·
268 4202 309 4273 lit
321 4202 516 4276 Athenaeus
532 4205 610 4276 vll.
622 4232 658 4300 p.
676 4209 762 4278 282.
783 4211 828 4286 1).
880 4211 986 4296 Quod
1005 4207 1253 4311 fragmentum,
1277 4211 1383 4285 foedo

270 4312 484 4403 corruptum,
514 4310 561 4380 ita
578 4312 818 4386 restituendum
838 4311 986 4388 videtnrr
1014 4345 1016 4352 ’
1111 4367 1116 4376 ,
1316 4367 1320 4376 ·
1362 4369 1364 4376 ,
