3120 5030
238 1220 334 1311 'on
373 1222 624 1312 Lueruvs
666 1223 1023 1345 orfflvsomu
1071 1223 1376 1314 suerrum-

251 1373 425 1466 nurus
466 1373 760 1466 SERMONIS
792 1377 1098 1506 ,nonmnrcr
1142 1378 1374 1467 orssun-

555 1525 745 1618 muro
783 1531 983 1664 ¹runnu
1012 1531 1066 1650 r).

707 1826 915 1840 ..υ-*ιο*

94 2191 95 2194 ,
226 2085 459 2190 8Homeruni
481 2119 770 2210 quemadmodum
783 2121 965 2193 facillimus
983 2123 1093 2192 estad
1111 2121 1372 2213 intelligendum

248 2225 335 2293 inter
358 2223 537 2316 scriptores
557 2222 727 2310 Graecos,
758 2224 805 2292 ita
824 2225 917 2295 idem
941 2226 1013 2295 iure
1038 2226 1183 2295 habetur
1203 2225 1363 2294 difficilli-

249 2350 332 2398 mus.
384 2329 473 2396 Nam
501 2327 528 2395 si
550 2327 624 2417 quis
652 2329 689 2396 in
715 2329 906 2399 universum
926 2340 1082 2421 quaerat,
1109 2352 1196 2420 quae
1228 2337 1366 2418 quoque'

248 2432 282 2500 iu
303 2432 383 2502 loco
409 2432 478 2500 eius
497 2453 591 2500 meus
613 2431 671 2519 sit,
703 2431 790 2532 nihil
811 2434 872 2501 illo
901 2433 1102 2527 simplicius,
1128 2431 1212 2501 nihil
1234 2433 1366 2524 planius

248 2536 334 2626 fingi
348 2545 476 2626 potest3
502 2536 552 2601 sin
571 2557 652 2603 vero
668 2537 854 2605 accuratius
869 2539 1002 2629 singula
1016 2537 1231 2628 pervestiget,
1256 2556 1367 2624 neque

248 2660 326 2707 eum
346 2648 475 2706 temere
494 2646 553 2705 aut
572 2659 673 2706 voces
695 2659 824 2728 ponere
846 2639 931 2706 nihil
951 2640 1193 2733 significanteS‚
1220 2648 1276 2706 aut
1285 2661 1366 2706 ver-

247 2741 370 2810 borum
391 2739 548 2830 tempora
568 2740 757 2830 modosque
778 2741 986 2815 confundere
1007 2742 1186 2826 existimet,
1211 2752 1281 2809 tam
1303 2765 1365 2808 va-

247 2844 298 2910 ria
316 2852 383 2928 est,
409 2853 546 2931 tamque
557 2843 730 2934 implicata
747 2845 816 2912 eius
838 2846 963 2931 oratio,
989 2846 1094 2914 utrix
1112 2847 1241 2914 initium
1256 2845 1366 2933 inqui-

246 2946 362 3030 rendi,
392 2945 519 3014 nedum
541 2946 644 3015 finem
662 2948 819 3016 invenias.
870 2951 944 3019 Nec
962 2952 1095 3018 mirum.
1129 2951 1249 3019 Sermo
1272 2950 1362 3014 enim
1400 3033 1408 3038 ᾖ

244 3050 403 3137 liberior,
427 3071 491 3119 uec
515 3049 598 3118 dum
619 3061 683 3119 aut·
697 3053 775 3119 artis
795 3053 997 3142 quibusdam
1017 3053 1209 3144 praeceptis
1235 3051 1364 3117 forma-

244 3162 318 3238 tus,
341 3162 416 3238 aut,
442 3162 480 3221 ut
498 3163 619 3246 postea
642 3154 789 3242 factum,
821 3178 880 3224 usu
907 3155 978 3228 huc
999 3157 1055 3225 vel
1075 3157 1158 3227 illuc
1185 3154 1363 3221 inclinante

245 3257 439 3326 constrictus
477 3266 750 3347 coarctatusque‚
799 3259 962 3349 plurimas
993 3258 1099 3346 habet
1132 3269 1166 3328 et
1197 3279 1364 3347 perquam

245 3359 381 3428 subtiles
410 3359 584 3427 notionum
612 3362 948 3452 enunciationumque
977 3364 1138 3431 rationes:
1176 3383 1258 3451 quas
1287 3359 1364 3450 qui-

244 3463 325 3531 dem
349 3462 563 3554 cognovisse,
588 3473 747 3554 recteque
759 3475 954 3557 perspectas
967 3466 1113 3552 habere,
1138 3472 1231 3531 tanto
1254 3464 1363 3554 magis

244 3576 294 3634 est
307 3565 540 3652 necessarium,
553 3567 648 3654 quod
664 3570 770 3635 omnis
783 3571 1007 3640 recentiorum
1018 3591 1128 3639 sermo
1143 3589 1185 3635 ex
1199 3566 1251 3634 his
1269 3569 1366 3657 quasi

243 3669 411 3738 radicibus
443 3668 600 3737 effloruit.
654 3670 885 3755 Quamobrem
913 3673 973 3762 qui
1003 3670 1261 3766 grammaticam
1285 3669 1364 3736 Ho-

242 3774 423 3857 mericam,
448 3794 535 3862 quae
558 3772 697 3861 quidem
721 3786 755 3843 et
775 3776 880 3864 plena
902 3777 961 3862 sit,
989 3786 1022 3844 et
1046 3774 1211 3844 erroribus
1243 3794 1361 3851 vacua,

242 3875 450 3958 condiderit,
484 3897 562 3943 eum
582 3878 834 3966 propemodum
856 3881 1030 3948 universae
1048 3875 1362 3972 linguaeGraecae

109 4068 111 4072 .
241 3987 394 4046 naturam
425 3978 657 4067 rationemque
682 3980 879 4070 explicuisse
910 3981 1062 4056 dixerim.
1131 3981 1179 4046 At
1208 3980 1364 4047 nimirum

242 4079 313 4162 hoc
332 4081 504 4172 aliquanto
523 4081 693 4151 difficilius
706 4092 768 4168 est,
792 4105 894 4176 quam
914 4085 1023 4155 risum
1035 4095 1089 4156 est
1101 4104 1212 4174 nuper
1228 4083 1362 4155 Frider.

283 4352 316 4432 r)
337 4351 425 4413 Edita
446 4361 492 4414 est
518 4374 544 4412 a.
569 4359 659 4422 1312,
746 4318 749 4326 ¹
