3078 5026
248 295 312 364 152
395 292 454 354 DE
476 289 638 353 enolto
666 229 954 352 Evuulmuvut
980 287 1213 350 AESCHYLl

249 464 279 533 si
293 459 551 554 iuAescbyleae
567 460 705 532 fabulae
728 459 961 532 commissione
985 459 1134 534 concidit
1158 480 1238 550 pars
1258 459 1361 528 tabu·

248 564 421 636 latorum?
443 586 543 636 nemo
558 565 664 651 enim,
683 565 832 656 opinor,
856 565 928 632 totu
946 563 1108 634 corruisse
1130 563 1281 630 tabulata
1298 562 1362 630 sibi

249 667 473 760 persuadebit.
539 667 632 752 Quid
652 690 776 760 porro,
810 667 837 734 si
865 666 1038 736 labefactis
1065 665 1171 734 semel
1192 665 1362 749 tabulatis,

250 794 356 862 quum
378 769 501 840 deinde
521 770 676 839 Pratinae
695 770 812 839 fabula
837 776 1011 861 ageretur,
1045 768 1112 836 ulia
1134 767 1288 858 collapsa
1312 775 1363 836 est

250 874 476 946 tabulatorum
499 873 603 964 pars?
623 871 660 963 *)
687 871 747 948 lta
768 895 832 943 nec
853 870 973 940 Suidas
998 871 1059 939 sibi
1083 870 1304 963 repugnabit,
1328 877 1363 938 et

206 987 368 1054 rsceussa
394 975 571 1069 apparebit
595 974 738 1061 idonea,
764 997 868 1063 quere
887 973 1076 1064 Aeschylus
1097 973 1257 1042 iuvidiam
1274 993 1364 1061 quo-

139 1104 142 1110 ·
249 1078 405 1148 rumdam
423 1079 614 1166 incurrerit,
640 1077 736 1167 quod
756 1085 849 1146 tanto
871 1076 982 1146 studio
1001 1075 1046 1144 ad
1065 1096 1143 1146 eum
1166 1076 1364 1146 confluxisse

248 1182 398 1274 populus
422 1182 509 1250 visus
532 1188 632 1264 esset,
664 1190 793 1249 utnon
817 1178 922 1248 modo
943 1179 1095 1247 tabulatu
1118 1187 1270 1262 ruerent,
1302 1177 1364 1246 scd

251 1307 293 1352 ea
308 1307 347 1352 re
359 1283 464 1352 etiam
485 1284 642 1352 Pratinae
657 1282 772 1352 fabula
792 1281 1020 1373 impediretur.
1073 1281 1186 1366 Quam
1204 1281 1365 1350 iuvidiam

251 1408 293 1455 eo
316 1387 480 1454 maiorem
506 1385 608 1454 fuisse
635 1385 796 1454 credibile
819 1393 885 1468 est,
920 1384 947 1451 si
975 1405 1017 1452 eo
1040 1392 1194 1476 tempore
1216 1385 1364 1474 primum

252 1488 359 1558 edidit
377 1487 566 1578 Aeschylus
583 1487 746 1556 fabulam.
806 1486 910 1571 Quod
932 1486 1071 1575 quidem
1091 1487 1366 1568 verisimillimum

252 1599 319 1677 est,
344 1612 413 1660 uon
435 1591 563 1675 solum,
588 1590 753 1679 quietum
775 1611 878 1657 annos
891 1611 958 1658 uon
978 1590 1121 1680 amplius
1137 1590 1243 1659 XXV.
1269 1598 1365 1665 uatus

121 1681 124 1692 ¹
252 1701 342 1778 erat,
376 1692 437 1760 sed
460 1692 560 1761 etiam
585 1692 680 1782 quod
703 1693 897 1784 scriptores,
923 1714 1029 1781 quum
1053 1692 1188 1781 quando
1213 1693 1289 1782 quis
1309 1692 1367 1759 ln-

251 1795 373 1892 bulam
397 1794 551 1888 docuerit
577 1795 742 1880 indicant,
777 1794 864 1864 illud
893 1804 1027 1887 tempus
1052 1796 1219 1887 respicere
1248 1796 1366 1879 solent,

123 1905 126 1911 '
252 1920 324 1988 quo
337 1898 484 1988 primum
496 1907 620 1989 poetae
635 1898 765 1967 fabulas
780 1899 815 1966 in
836 1896 1004 1966 theatrum
1019 1898 1258 1988 produxerunt
1282 1899 1367 1971 Ne-

252 2022 320 2090 que
336 2001 433 2072 aliter
445 1995 611 2071 iudicasse
625 2000 725 2070 video
737 2001 946 2084 Bentleium‚
973 2001 1032 2090 qui
1052 2002 1086 2068 iu
1102 2024 1191 2092 resp.
1205 2001 1252 2068 ad
1265 2000 1368 2092 Boyl

253 2099 289 2194 p.
302 2100 389 2170 lar.
402 2103 549 2195 primum
570 2104 651 2172 dicit
665 2102 874 2193 Aeschylum
883 2103 1042 2173 fabulam
1056 2103 1209 2174 docuisse
1223 2103 1366 2193 Olymp.

252 2205 360 2276 Lxx.
412 2206 510 2291 Quid
518 2206 659 2296 quod
629 2228 684 2276 vur
696 2206 842 2276 dubitari
860 2205 934 2275 sinit
954 2205 1094 2291 Suidas,
1111 2207 1213 2276 cuius
1232 2205 1343 2277 haee
1328 2228 1368 2274 m

252 2307 333 2379 cod
347 2307 505 2378 Leidensi
523 2311 626 2379 verbe
649 2317 751 2378 sunts-
747 2304 809 2405 ἦν
828 2307 866 2382 δι’
879 2309 952 2382 κέ
934 2334 1044 2399 arev,
1069 2307 1134 2384 ὅτε
1155 2306 1366 2436 ἡγιιικίζιτι·

252 2408 313 2485 καὶ
337 2409 491 2538 ἐκιίιησιυ
500 2409 597 2494 νίκας
619 2406 673 2511 κη’
724 2412 818 2482 Editi
841 2411 919 2480 libri
942 2405 1087 2482 habent:
1119 2407 1309 2542 ἠγωνίζετο
1329 2411 1369 2485 di

254 2505 364 2592 αὐτοι
384 2517 423 2586 ἐκ
442 2513 491 2608 τῆ
516 2541 535 2587 o
528 2508 624 2604 '(sic
638 2514 823 2609 legendum
844 2536 909 2607 pro
930 2507 984 2604 θ’)
1009 2508 1253 2606 Ὀλυμπιάδι,
1279 2514 1369 2588 irtio

231 2633 234 2640 ’
254 2613 304 2686 oio
320 2613 369 2686 κέ.
419 2614 492 2683 lam
510 2616 592 2704 quid
606 2640 677 2687 ven
665 2617 827 2685 similius
842 2626 909 2703 cst,
934 2640 1039 2706 quam
1053 2616 1274 2706 Aeschylum,
1300 2639 1369 2706 quo

58 2768 62 2780 ,
128 2800 131 2808 .
254 2714 392 2784 evitaret
415 2715 504 2788 haec
527 2717 623 2806 odia,
655 2720 822 2808 simulque
841 2721 892 2789 sui
911 2719 1115 2807 desiderium
1138 2719 1371 2806 excitaretis

252 2816 405 2888 Siciliam
429 2818 572 2890 obiisse?
595 2819 667 2892 Sed
688 2822 806 2907 video,
839 2823 921 2911 quid
949 2822 1076 2912 aliquis.
1097 2823 1287 2892 obiecturus
1314 2822 1378 2891 sits.

253 2943 359 3012 quum
380 2929 511 2990 certum
532 2923 594 3012 sit,
631 2923 839 3016 Aes'chylmn
869 2933 950 3015 post
975 2924 1172 3016 Olympied.
1197 2923 1371 3002 Lxxvn.

253 3022 290 3092 4.
308 3021 342 3092 in
363 3023 513 3093 Siciliam
528 3049 564 3094 sc
580 3023 777 3112 contulisse,
800 3029 1021 3098 necessarium
1037 3050 1142 3110 esse,
1163 3035 1220 3111 ut,
1246 3025 1274 3094 si
1290 3048 1372 3094 vera

255 3126 335 3212 sint,
373 3149 461 3216 quae
484 3129 590 3198 modo
618 3131 840 3217 coniecimus,
880 3153 949 3201 nou
968 3131 1074 3202 semel
1093 3131 1177 3201 istuc
1196 3129 1372 3219 profectus

255 3228 312 3308 sit3
337 3230 430 3317 atqui
449 3228 520 3299 hoc
540 3255 605 3301 nec
627 3233 785 3303 traditum
805 3257 876 3303 csse
898 3259 920 3303 a
944 3257 1133 3325 quoquam,
1166 3246 1201 3302 et
1219 3232 1371 3318 Suidam,

256 3332 454 3422 scriptorem
476 3333 769 3428 ritaeAescbyli,
810 3337 987 3428 ipsumque
1014 3335 1235 3405 Plutarchum
1258 3336 1304 3403 ita
1326 3335 1372 3402 do

255 3433 374 3504 Siculo
393 3435 457 3504 isto
479 3434 596 3505 itinere
618 3437 732 3527 loqui,
757 3441 863 3526 acsi,
886 3448 1067 3530 postquem
1090 3439 1126 3506 in
1146 3437 1300 3508 Siciliam
1312 3456 1391 3506 vc-'
1533 3479 1534 3510 ι

256 3545 353 3605 uerat
381 3535 590 3630 Aeschylus,
621 3541 670 3609 ibi
695 3544 852 3612 manserit
872 3564 979 3632 usque
1001 3542 1046 3610 ad
1077 3549 1237 3630 mortem,
1273 3563 1374 3610 acce-

256 3637 339 3707 dere
364 3639 508 3729 deniqne
530 3642 585 3711 his
604 3644 836 3731 Athenaeum,
869 3646 929 3734 qui
951 3668 1056 3734 quum
1086 3666 1123 3734 p.
1144 3641 1231 3711 4⁰2.
1255 3643 1314 3712 G.
1312 3644 1373 3714 sic

257 3739 453 3827 ssssflbals'
430 3770 490 3816 ort
512 3744 552 3819 δὲ
571 3741 768 3837 Αἰσχύλος,
795 3743 1030 3848 διατρίψαιῖ
1012 3773 1051 3822 εκ
1073 3744 1245 3840 Σικελίᾳ,
1279 3749 1374 3818 πολ

257 3845 335 3923 tate
365 3845 536 3944 κέχρηται
562 3855 696 3945 φωναῖς
729 3853 953 3938 Σικελικαῖς,
996 3845 1103 3923 οὐδὲν
1137 3817 1375 3942 eadbercto,

300 4181 330 4260 *)
352 4182 503 4245 severiter
524 4196 555 4246 et
580 4187 657 4250 haec
678 4187 810 4250 notendo
830 4186 976 4248 iudicavit
1004 4184 1235 4248 Schwenkius'
1225 4207 1257 4246 m
1277 4205 1375 4267 prae-

259 4265 371 4328 latione
391 4267 429 4328 ed
451 4269 595 4351 Aeschyli
614 4273 847 4355 Eumeniderp.
869 4278 900 4341 9.
922 4293 982 4354 aeq.
1002 4281 1035 4334 et
1044 4273 1200 4354 quaedam
1221 4271 1289 4334 alia.
1377 4336 1386 4347 ³
