3080 5054
346 301 1118 415 rrrnrrocrrnvnranorcnnvu.
1222 353 1288 420 au

143 492 147 500 ’
175 528 236 594 bat
253 523 403 615 positum
427 547 529 609 esse,
552 535 590 594 ut
612 545 673 592 eae
702 479 916 616 tragoediis,
954 539 1043 614 qnae
1065 537 1131 592 nna
1151 524 1289 618 trilogio

176 627 564 719 comprehenderentur,
602 649 703 716 quam
727 628 871 696 maxime
892 627 978 696 inter
1000 649 1037 696 so
1057 638 1163 698 essent
1189 629 1288 698 dissi*

173 733 288 802 miles:
314 729 437 800 eodem
453 728 642 815 modo,1ut
662 729 770 800 hodic
795 731 940 800 mancos
961 732 995 798 in
1015 730 1070 816 iis,
1096 753 1178 820 qnos
1195 753 1287 821 syon
1339 775 1342 792 .

173 833 318 927 phanias
340 843 479 917 vocant,
510 855 598 922 quae
612 856 663 902 ex·
684 835 788 904 tribus
811 834 1014 925 plerumque
1029 834 1181 924 portibus
1202 857 1287 904 con*

174 945 277 1027 stant,
309 937 347 1004 id
376 929 493 1006 aurire
517 935 686 1022 videmus,
718 948 756 1006 nt
777 946 858 1028 apta
887 936 1150 1006 dissimilitudine
1172 959 1288 1006 earnm

172 1041 335 1134 partium,
368 1061 412 1107 ne
432 1040 647 1132 refrigeretur
672 1047 705 1108 et
726 1037 925 1131 languescat
948 1041 1095 1110 studium
1118 1029 1286 1110 audiendi.

173 1147 257 1216 Erat
278 1163 360 1212 vero
381 1142 417 1210 in
432 1143 617 1234 tragoediis
637 1142 759 1234 triplex
781 1144 916 1212 omnind
943 1144 1036 1228 fons,
1061 1165 1103 1212 ex
1125 1166 1195 1232 quo
1216 1142 1289 1236 peti

172 1249 236 1316 ista
259 1246 489 1314 dissimilitudo
510 1247 633 1338 posset
685 1248 773 1315 Nam
795 1256 829 1314 et
845 1247 981 1333 animis,
1013 1248 1220 1330 catonibus,
1254 1254 1289 1315 et

173 1349 284 1419 oculis
301 1349 620 1440 prospiceradebet
639 1359 744 1441 poeta
767 1351 925 1423 sceneos.
969 1351 1093 1438 «ltaque
1116 1359 1150 1420 et
1171 1350 1308 1418 iniens..

173 1454 265 1522 tiorrc
286 1451 422 1520 fabulae
444 1461 545 1542 atque
573 1453 833 1544 compositione,
867 1463 903 1521 ot
925 1453 1287 1543 centaurum-tempe*

173 1565 336 1642 ramento,
364 1565 398 1624 et
413 1565 577 1646 apparatu
592 1557 641 1624 rei
657 1557 807 1627 scenicae
822 1555 961 1625 differre
973 1555 1165 1648 tragoedias
1180 1574 1287 1648 opor·
1344 1569 1350 1577 ·

173 1660 278 1742 tabat.
330 1659 376 1727 Et
394 1659 551 1749 profecto
573 1681 660 1748 quae
682 1658 882 1748 sola-uobis,
908 1658 1003 1750 quod
1029 1659 1171 1748 qnidam·
1193 1667 1287 1728 certo

172 1763 333 1848 sciamus,
365 1764 503 1856 trilogia
524 1772 691 1855 superest,
725 1764 866 1858 egregie
894 1763 975 1833 lmic
994 1762 1169 1832 reilldem
1192 1761 1287 1835 facin

172 1865 410 1958 Agamemnon
435 1877 559 1960 magna
583 1875 633 1936 est
656 1874 690 1936 et
713 1865 825 1958 gravis
851 1866 986 1950 fabula,
1026 1874 1099 1934 tota
1123 1865 1169 1934 ad
1198 1861 1294 1957 epici

173 1969 326 2040 caminis
352 1963 562 2039 severitatem
583 1972 788 2061 composita,
821 1971 954 2040 stasima
964 1969 1101 2038 babens
1123 1969 1229 2061 longa
1253 1975 1289 2036 et

172 2072 309 2164 grevia,
348 2072 477 2159 aliquot
503 2072 618 2140 brevia
643 2073 774 2142 cantica
803 2073 848 2139 da
879 2095 995 2156 scena,
1028 2074 1159 2162 aliquot
1187 2071 1288 2138 etiam
1384 2113 1388 2125 κ

172 2166 357 2264 adanon&
395 2173 440 2240 ad
471 2174 640 2242 scenicum
672 2182 783 2241 autem
814 2184 1015 2264 apparatum
1045 2173 1130 2241 nihil
1157 2173 1288 2263 insigne

174 2285 231 2344 aut
259 2295 392 2342 novum.
429 2275 636 2368 ·Excipiont
661 2271 762 2345 hanc'
779 2273 1001 2366 Ohoephori,
1040 2274 1143 2365 plane
1167 2273 1289 2342 diversi

173 2378 296 2447 coloris
311 2377 445 2467 fabula,
475 2379 510 2446 in
532 2398 599 2468 qua
622 2378 759 2447 audonis
777 2378 1026 2465 oon‘·multum‚¹·
1039 2378 1169 2446 cantica
1191 2376 1289 2446 chori

173 2481 281 2549 minus
301 2481 422 2571 longa,
449 2481 509 2550 sed
535 2481 579 2550 de
597 2504 695 2549 scena
709 2489 801 2548 tanta
821 2489 958 2570 tamque
981 2477 1186 2548 admirabilis
1207 2483 1288 2546 can-

171 2585 302 2652 tionum
315 2585 474 2670 uarietas,
500 2585 599 2675 eique
613 2605 765 2676 congma
777 2577 878 2652 etiam
900 2583 1128 2652 diverbiorum
1141 2584 1288 2652 alterna-

171 2688 241 2775 tio,
266 2696 304 2753 nt
326 2697 398 2754 tota
419 2689 536 2757 fabula
560 2689 701 2778 lyricam
725 2687 875 2755 indolem
895 2688 1016 2779 spiret,
1049 2687 1288 2775 cantusquein
1419 2775 1422 2783 s

174 2814 215 2857 ea
242 2789 578 2881 primarium-locum
602 2800 718 2860 tenere
741 2779 903 2858 rideatur.
959 2787 1097 2858 -Mitnm
1127 2797 1288 2881 qnantum

173 2895 218 2960 ab
229 2891 298 2962 hac
319 2893 436 2962 differt
455 2897 553 2963 tertia
568 2895 703 2979 fabula,
728 2893 952 2981 Eumenides,
977 2912 1065 2983 quaa
1080 2903 1170 2978 tota,
1196 2896 1288 2962 utin
1374 2880 1378 2894 Χ

173 2991 456 3086 capitalis-iudicii
480 2998 722 3089 disceptatione
742 3020 893 3082 versam,
920 3008 1050 3066 anneta
1069 3007 1119 3064 est
1138 3018 1178 3065 ac
1197 3018 1288 3092 pene

173 3122 301 3190 aspera.
352 3099 494 3168 Nihilin
508 3101 575 3171 hac
597 3101 641 3167 de
655 3101 916 3183 socnaoanitn,
940 3099 1025 3166 nulli
1042 3092 1201 3190 κόμμοις
1225 3097 1287 3166 sed

173 3201 272 3271 chori
297 3204 428 3272 cantica
452 3203 734 3270 vehementissimi
757 3210 867 3268 motus
884 3193 1002 3290 plena
1055 3199 1145 3267 Fere
1173 3200 1287 3269 omnia'

172 3305 207 3372 in
221 3304 300 3375 hac
304 3326 346 3372 eo
360 3304 519 3391 tendunt,
542 3314 582 3371 ut
596 3305 702 3373 oculis
716 3325 822 3387 nora,
848 3303 1007 3390 insolens,
1033 3301 1186 3374 tenibilis
1205 3319 1288 3394 spe

172 3409 241 3477 cies
263 3407 449 3478 obiiciatur
505 3407 629 3499 Agitur
647 3429 712 3474 ros
736 3407 772 3472 in
798 3405 935 3498 templis
964 3406 1125 3475 deorum:
1149 3407 1287 3474 numina

173 3511 423 3600 conspiciuntur
440 3512 617 3602 Apollinis,
643 3509 821 3595 Mercurii,
840 3507 1051 3589 Minervam¹
1067 3507 1220 3599 Pythias
1227 3531 1281 3576 aa·
1263 3517 1310 3580 -Θ

173 3615 313 3698 cerdos,
358 3615 479 3684 umbra
501 3613 801 3704 Clytaemnestrae,
847 3611 1068 3687 sanctissimus
1113 3631 1284 3682 consessus

172 3718 367 3809 Areopagi3
399 3726 471 3786 tum
494 3718 618 3786 chorus
632 3716 830 3803 Furiarum,
863 3715 966 3808 pullis
988 3716 1134 3786 vestibus
1149 3714 1285 3782 induta-

172 3843 265 3908 rum,
291 3821 403 3910 capita
425 3822 590 3913 anguibus
603 3817 847 3904 redimitorum,
878 3817 1046 3887 dormiens
1068 3818 1284 3886 investibulo

172 3925 292 4013 templi
304 3923 483 4014 Delphici3
508 3946 588 3993 mor
609 3922 787 4014 paullatim
802 3923 1053 4014 expergiscens,
1080 3924 1150 3991 sine
1166 3920 1285 3991 ordino

168 4047 415 4116 prorumpens,
457 4027 633 4096 horrendis
661 4027 807 4095 motibus
840 4027 982 4096 choreas
1012 4015 1169 4110 ducens,
1191 4013 1284 4115 'prae

169 4123 377 4220 implacabili
415 4133 485 4200 irae
526 4131 744 4200 obstinatione
784 4129 995 4202 idemtidem·
1013 4129 1151 4198 ‘eadem
1191 4128 1282 4198 dicta
1336 4217 1339 4223 Ι

169 4234 308 4318 iterans,
346 4244 534 4324 postremo,
567 4225 670 4326 aegre
693 4233 801 4302 lenita
826 4232 971 4319 lancia,
1006 4233 1187 4308 comitante
1211 4231 1285 4300 alio

170 4357 248 4406 cum
265 4337 397 4408 facibus
419 4348 454 4409 et
471 4338 626 4424 sollemni
649 4359 780 4430 pompa
811 4335 920 4412 choro
947 4335 1155 4411 archontum
1178 4335 1287 4405 relin-
