<?xml version="1.0" encoding="UTF-8"?>
<!DOCTYPE html PUBLIC "-//W3C//DTD XHTML 1.0 Transitional//EN"
    "http://www.w3.org/TR/xhtml1/DTD/xhtml1-transitional.dtd">
<html xmlns="http://www.w3.org/1999/xhtml" xml:lang="en" lang="en">
 <head>
  <title>
</title>
<meta http-equiv="Content-Type" content="text/html;charset=utf-8" />
  <meta name='ocr-system' content='tesseract 3.04.00' />
  <meta name='ocr-capabilities' content='ocr_page ocr_carea ocr_par ocr_line ocrx_word'/>
</head>
<body>
  <div class='ocr_page' id='page_1' title='image "./opuscula03hermgoog/opuscula03hermgoog_0090.png"; bbox 0 0 3120 5030; ppageno 0'>
   <div class='ocr_carea' id='block_1_1' title="bbox 419 352 1280 424">
    <p class='ocr_par' dir='ltr' id='par_1_1' title="bbox 419 352 1280 424">
     <span class='ocr_line' id='line_1_1' title="bbox 419 352 1280 424; baseline -0.001 0"><span class='ocrx_word' id='word_1_1' title='bbox 419 417 423 424; x_wconf 91' lang='lat'><em>.</em></span> <span class='ocrx_word' id='word_1_2' title='bbox 557 352 884 418; x_wconf 77' lang='lat' dir='ltr'><strong>ulssuuunxlo</strong></span> <span class='ocrx_word' id='word_1_3' title='bbox 1229 355 1280 424; x_wconf 63' lang='grc'><strong>19</strong></span> 
     </span>
    </p>
   </div>
   <div class='ocr_carea' id='block_1_2' title="bbox 166 514 1279 718">
    <p class='ocr_par' dir='ltr' id='par_1_2' title="bbox 166 514 1279 718">
     <span class='ocr_line' id='line_1_2' title="bbox 166 514 1279 621; baseline 0.007 -30"><span class='ocrx_word' id='word_1_4' title='bbox 166 514 232 591; x_wconf 85' lang='lat' dir='ltr'><strong>tale</strong></span> <span class='ocrx_word' id='word_1_5' title='bbox 258 521 531 592; x_wconf 84' lang='lat' dir='ltr'><strong>additamentum.</strong></span> <span class='ocrx_word' id='word_1_6' title='bbox 582 527 718 595; x_wconf 87' lang='lat' dir='ltr'><strong>Partem</strong></span> <span class='ocrx_word' id='word_1_7' title='bbox 740 527 810 596; x_wconf 92' lang='lat' dir='ltr'><strong>veri</strong></span> <span class='ocrx_word' id='word_1_8' title='bbox 829 525 1003 600; x_wconf 83' lang='lat' dir='ltr'><strong>Soidlerus</strong></span> <span class='ocrx_word' id='word_1_9' title='bbox 1024 528 1125 616; x_wconf 90' lang='lat' dir='ltr'><strong>vidit,</strong></span> <span class='ocrx_word' id='word_1_10' title='bbox 1156 528 1279 621; x_wconf 78' lang='lat' dir='ltr'><strong>logen-</strong></span> 
     </span>
     <span class='ocr_line' id='line_1_3' title="bbox 167 627 412 718; baseline 0.008 -26"><span class='ocrx_word' id='word_1_11' title='bbox 167 627 248 716; x_wconf 89' lang='lat' dir='ltr'><strong>dum</strong></span> <span class='ocrx_word' id='word_1_12' title='bbox 273 633 412 718; x_wconf 84' lang='lat' dir='ltr'><strong>putans,</strong></span> 
     </span>
    </p>
   </div>
   <div class='ocr_carea' id='block_1_3' title="bbox 317 769 1147 876">
    <p class='ocr_par' dir='ltr' id='par_1_3' title="bbox 317 769 1147 876">
     <span class='ocr_line' id='line_1_4' title="bbox 317 769 1147 876; baseline 0.001 -26"><span class='ocrx_word' id='word_1_13' title='bbox 317 776 377 851; x_wconf 80' lang='grc' dir='ltr'><strong>καὶ</strong></span> <span class='ocrx_word' id='word_1_14' title='bbox 398 769 472 874; x_wconf 66' lang='grc' dir='ltr'><strong>μήν</strong></span> <span class='ocrx_word' id='word_1_15' title='bbox 490 772 645 876; x_wconf 72' lang='grc' dir='ltr'><strong><em>ἀμεμφῆ</em></strong></span> <span class='ocrx_word' id='word_1_16' title='bbox 665 773 770 853; x_wconf 78' lang='grc' dir='ltr'><em>τόνδ’</em></span> <span class='ocrx_word' id='word_1_17' title='bbox 796 779 917 854; x_wconf 65' lang='lat' dir='ltr'><strong>desero</strong></span> <span class='ocrx_word' id='word_1_18' title='bbox 940 775 1006 855; x_wconf 79' lang='grc' dir='ltr'>τόι</span> <span class='ocrx_word' id='word_1_19' title='bbox 1029 774 1147 874; x_wconf 75' lang='grc' dir='ltr'><strong><em>λόγον.</em></strong></span> 
     </span>
    </p>
   </div>
   <div class='ocr_carea' id='block_1_4' title="bbox 164 930 1348 1466">
    <p class='ocr_par' dir='ltr' id='par_1_4' title="bbox 164 930 1348 1432">
     <span class='ocr_line' id='line_1_5' title="bbox 165 930 1316 1023; baseline 0.005 -24"><span class='ocrx_word' id='word_1_20' title='bbox 165 931 244 999; x_wconf 89' lang='grc' dir='ltr'>Νοιι</span> <span class='ocrx_word' id='word_1_21' title='bbox 264 938 377 998; x_wconf 86' lang='lat' dir='ltr'><strong>tamen</strong></span> <span class='ocrx_word' id='word_1_22' title='bbox 405 930 549 1020; x_wconf 82' lang='lat' dir='ltr'><strong>perfecit</strong></span> <span class='ocrx_word' id='word_1_23' title='bbox 571 932 848 1000; x_wconf 81' lang='lat' dir='ltr'><strong>emendationem.</strong></span> <span class='ocrx_word' id='word_1_24' title='bbox 900 935 989 1003; x_wconf 87' lang='lat' dir='ltr'><strong>Nam</strong></span> <span class='ocrx_word' id='word_1_25' title='bbox 1010 932 1197 1023; x_wconf 79' lang='lat' dir='ltr'>particulae</span> <span class='ocrx_word' id='word_1_26' title='bbox 1218 931 1316 1006; x_wconf 68' lang='lat' dir='ltr'><strong>sois</strong></span> 
     </span>
     <span class='ocr_line' id='line_1_6' title="bbox 164 1025 1348 1130; baseline -0.003 -26"><span class='ocrx_word' id='word_1_27' title='bbox 164 1027 239 1130; x_wconf 74' lang='grc' dir='ltr'><strong>μήν</strong></span> <span class='ocrx_word' id='word_1_28' title='bbox 255 1055 323 1101; x_wconf 93' lang='lat' dir='ltr'><strong>non</strong></span> <span class='ocrx_word' id='word_1_29' title='bbox 336 1033 432 1100; x_wconf 82' lang='lat' dir='ltr'><strong>aliter</strong></span> <span class='ocrx_word' id='word_1_30' title='bbox 444 1033 503 1102; x_wconf 93' lang='lat' dir='ltr'><strong>hic</strong></span> <span class='ocrx_word' id='word_1_31' title='bbox 524 1043 623 1124; x_wconf 86' lang='lat' dir='ltr'><strong>aptae</strong></span> <span class='ocrx_word' id='word_1_32' title='bbox 637 1046 728 1119; x_wconf 85' lang='lat' dir='ltr'><strong>sunt,</strong></span> <span class='ocrx_word' id='word_1_33' title='bbox 754 1037 897 1124; x_wconf 85' lang='lat' dir='ltr'><strong>quamsi</strong></span> <span class='ocrx_word' id='word_1_34' title='bbox 913 1037 995 1106; x_wconf 82' lang='lat' dir='ltr'><strong>alius</strong></span> <span class='ocrx_word' id='word_1_35' title='bbox 1014 1057 1178 1128; x_wconf 82' lang='lat' dir='ltr'>personae</span> <span class='ocrx_word' id='word_1_36' title='bbox 1200 1057 1278 1102; x_wconf 82' lang='lat' dir='ltr'><strong>ora·</strong></span> <span class='ocrx_word' id='word_1_37' title='bbox 1336 1025 1348 1038; x_wconf 76' lang='grc'><strong>”</strong></span> 
     </span>
     <span class='ocr_line' id='line_1_7' title="bbox 164 1135 1279 1229; baseline 0.001 -26"><span class='ocrx_word' id='word_1_38' title='bbox 164 1137 289 1203; x_wconf 89' lang='lat' dir='ltr'><strong>tionem</strong></span> <span class='ocrx_word' id='word_1_39' title='bbox 307 1135 476 1224; x_wconf 83' lang='lat' dir='ltr'><strong>incipiant.</strong></span> <span class='ocrx_word' id='word_1_40' title='bbox 537 1137 642 1225; x_wconf 86' lang='lat' dir='ltr'><strong>Atqui</strong></span> <span class='ocrx_word' id='word_1_41' title='bbox 663 1138 748 1226; x_wconf 92' lang='lat' dir='ltr'><strong>quid</strong></span> <span class='ocrx_word' id='word_1_42' title='bbox 771 1140 902 1229; x_wconf 88' lang='lat' dir='ltr'><strong>planius</strong></span> <span class='ocrx_word' id='word_1_43' title='bbox 933 1149 1000 1225; x_wconf 88' lang='lat' dir='ltr'><strong>est,</strong></span> <span class='ocrx_word' id='word_1_44' title='bbox 1035 1161 1137 1228; x_wconf 90' lang='lat' dir='ltr'><strong>quam</strong></span> <span class='ocrx_word' id='word_1_45' title='bbox 1167 1136 1279 1207; x_wconf 83' lang='lat' dir='ltr'><strong>Oresti</strong></span> 
     </span>
     <span class='ocr_line' id='line_1_8' title="bbox 164 1237 1278 1333; baseline 0.002 -28"><span class='ocrx_word' id='word_1_46' title='bbox 164 1238 389 1326; x_wconf 82' lang='lat' dir='ltr'><strong>Electraeque</strong></span> <span class='ocrx_word' id='word_1_47' title='bbox 412 1261 447 1310; x_wconf 87' lang='lat' dir='ltr'><strong>se</strong></span> <span class='ocrx_word' id='word_1_48' title='bbox 468 1237 611 1308; x_wconf 88' lang='lat' dir='ltr'><strong>invicem</strong></span> <span class='ocrx_word' id='word_1_49' title='bbox 627 1239 671 1306; x_wconf 88' lang='lat' dir='ltr'><strong>ad</strong></span> <span class='ocrx_word' id='word_1_50' title='bbox 694 1240 929 1310; x_wconf 86' lang='lat' dir='ltr'><strong>vindicandam</strong></span> <span class='ocrx_word' id='word_1_51' title='bbox 945 1243 1049 1333; x_wconf 89' lang='lat' dir='ltr'><strong>patris</strong></span> <span class='ocrx_word' id='word_1_52' title='bbox 1069 1264 1189 1312; x_wconf 88' lang='lat' dir='ltr'><strong>necem</strong></span> <span class='ocrx_word' id='word_1_53' title='bbox 1217 1261 1278 1310; x_wconf 89' lang='lat' dir='ltr'><strong>co-</strong></span> 
     </span>
     <span class='ocr_line' id='line_1_9' title="bbox 164 1339 979 1466; baseline 0.005 -60"><span class='ocrx_word' id='word_1_54' title='bbox 164 1339 372 1466; x_wconf 89' lang='lat' dir='ltr'><strong>hortantibus</strong></span> <span class='ocrx_word' id='word_1_55' title='bbox 394 1339 536 1408; x_wconf 90' lang='lat' dir='ltr'><strong>chorum</strong></span> <span class='ocrx_word' id='word_1_56' title='bbox 558 1341 755 1432; x_wconf 79' lang='lat' dir='ltr'><strong>adstipulari</strong></span> <span class='ocrx_word' id='word_1_57' title='bbox 776 1343 828 1410; x_wconf 85' lang='lat' dir='ltr'><strong>his</strong></span> <span class='ocrx_word' id='word_1_58' title='bbox 853 1345 979 1413; x_wconf 87' lang='lat' dir='ltr'><strong>verbis.</strong></span> 
     </span>
    </p>
   </div>
   <div class='ocr_carea' id='block_1_5' title="bbox 316 1483 1304 1694">
    <p class='ocr_par' dir='ltr' id='par_1_5' title="bbox 316 1483 1304 1694">
     <span class='ocr_line' id='line_1_10' title="bbox 317 1483 1304 1618; baseline 0.004 -54"><span class='ocrx_word' id='word_1_59' title='bbox 317 1491 377 1565; x_wconf 75' lang='lat' dir='ltr'><strong>soi</strong></span> <span class='ocrx_word' id='word_1_60' title='bbox 397 1519 471 1591; x_wconf 81' lang='grc' dir='ltr'>μηι</span> <span class='ocrx_word' id='word_1_61' title='bbox 493 1490 644 1616; x_wconf 75' lang='grc' dir='ltr'>ἄμιμφη</span> <span class='ocrx_word' id='word_1_62' title='bbox 631 1483 813 1567; x_wconf 52' lang='grc' dir='ltr'><em>τόνδ’</em></span> <span class='ocrx_word' id='word_1_63' title='bbox 796 1492 982 1569; x_wconf 76' lang='grc' dir='ltr'>ετιίνατυι</span> <span class='ocrx_word' id='word_1_64' title='bbox 999 1487 1122 1618; x_wconf 76' lang='grc' dir='ltr'><strong><em>λόγον,</em></strong></span> <span class='ocrx_word' id='word_1_65' title='bbox 1280 1507 1304 1568; x_wconf 91' lang='lat' dir='ltr'><strong>o</strong></span> 
     </span>
     <span class='ocr_line' id='line_1_11' title="bbox 316 1587 1112 1694; baseline 0.004 -26"><span class='ocrx_word' id='word_1_66' title='bbox 316 1593 461 1690; x_wconf 78' lang='grc' dir='ltr'><strong><em>τίμημα</em></strong></span> <span class='ocrx_word' id='word_1_67' title='bbox 485 1587 629 1687; x_wconf 79' lang='grc' dir='ltr'><em>τυμβου</em></span> <span class='ocrx_word' id='word_1_68' title='bbox 652 1623 715 1694; x_wconf 76' lang='grc' dir='ltr'><strong>της</strong></span> <span class='ocrx_word' id='word_1_69' title='bbox 740 1592 969 1689; x_wconf 70' lang='grc' dir='ltr'><em>ἀνοιμώκτου</em></span> <span class='ocrx_word' id='word_1_70' title='bbox 994 1591 1112 1693; x_wconf 79' lang='grc' dir='ltr'><em>τύχης</em></span> 
     </span>
    </p>
   </div>
   <div class='ocr_carea' id='block_1_6' title="bbox 161 1746 1312 2040">
    <p class='ocr_par' dir='ltr' id='par_1_6' title="bbox 161 1746 1312 2040">
     <span class='ocr_line' id='line_1_12' title="bbox 163 1746 1312 1837; baseline -0.002 -21"><span class='ocrx_word' id='word_1_71' title='bbox 163 1747 264 1834; x_wconf 78' lang='lat' dir='ltr'><strong>Quae</strong></span> <span class='ocrx_word' id='word_1_72' title='bbox 287 1747 348 1815; x_wconf 94' lang='lat' dir='ltr'><strong>ille</strong></span> <span class='ocrx_word' id='word_1_73' title='bbox 368 1769 473 1835; x_wconf 91' lang='lat' dir='ltr'><strong>quum</strong></span> <span class='ocrx_word' id='word_1_74' title='bbox 497 1747 648 1832; x_wconf 81' lang='lat' dir='ltr'><strong>dixisset,</strong></span> <span class='ocrx_word' id='word_1_75' title='bbox 672 1748 808 1837; x_wconf 89' lang='lat' dir='ltr'><strong>reliquis</strong></span> <span class='ocrx_word' id='word_1_76' title='bbox 830 1749 962 1819; x_wconf 90' lang='lat' dir='ltr'><strong>duobus</strong></span> <span class='ocrx_word' id='word_1_77' title='bbox 981 1751 1129 1819; x_wconf 87' lang='lat' dir='ltr'><strong>versibus</strong></span> <span class='ocrx_word' id='word_1_78' title='bbox 1153 1746 1199 1820; x_wconf 87' lang='lat' dir='ltr'><strong>ad</strong></span> <span class='ocrx_word' id='word_1_79' title='bbox 1220 1767 1278 1815; x_wconf 88' lang='lat' dir='ltr'><strong>so-</strong></span> <span class='ocrx_word' id='word_1_80' title='bbox 1310 1821 1312 1825; x_wconf 12' lang='lat' dir='ltr'>y</span> 
     </span>
     <span class='ocr_line' id='line_1_13' title="bbox 162 1848 1278 1952; baseline 0.001 -35"><span class='ocrx_word' id='word_1_81' title='bbox 162 1851 235 1918; x_wconf 91' lang='lat' dir='ltr'><strong>lum</strong></span> <span class='ocrx_word' id='word_1_82' title='bbox 248 1849 405 1934; x_wconf 80' lang='lat' dir='ltr'><strong>Oresten,</strong></span> <span class='ocrx_word' id='word_1_83' title='bbox 432 1848 525 1952; x_wconf 90' lang='lat' dir='ltr'><strong>cuius</strong></span> <span class='ocrx_word' id='word_1_84' title='bbox 547 1849 634 1920; x_wconf 89' lang='lat' dir='ltr'><strong>illud</strong></span> <span class='ocrx_word' id='word_1_85' title='bbox 658 1849 810 1922; x_wconf 86' lang='lat' dir='ltr'><strong>officimn</strong></span> <span class='ocrx_word' id='word_1_86' title='bbox 833 1861 919 1942; x_wconf 89' lang='lat' dir='ltr'><strong>erat,</strong></span> <span class='ocrx_word' id='word_1_87' title='bbox 946 1861 984 1924; x_wconf 91' lang='lat' dir='ltr'><strong>ut</strong></span> <span class='ocrx_word' id='word_1_88' title='bbox 1006 1876 1079 1923; x_wconf 88' lang='lat' dir='ltr'><strong>rem</strong></span> <span class='ocrx_word' id='word_1_89' title='bbox 1099 1860 1278 1944; x_wconf 90' lang='lat' dir='ltr'><strong>perpetra-</strong></span> 
     </span>
     <span class='ocr_line' id='line_1_14' title="bbox 161 1952 482 2040; baseline -0.003 -19"><span class='ocrx_word' id='word_1_90' title='bbox 161 1963 229 2040; x_wconf 87' lang='lat' dir='ltr'><strong>ret,</strong></span> <span class='ocrx_word' id='word_1_91' title='bbox 255 1977 290 2022; x_wconf 90' lang='lat' dir='ltr'><strong>se</strong></span> <span class='ocrx_word' id='word_1_92' title='bbox 311 1952 482 2023; x_wconf 88' lang='lat' dir='ltr'><strong>convertit</strong></span> 
     </span>
    </p>
   </div>
   <div class='ocr_carea' id='block_1_7' title="bbox 158 2105 1279 2405">
    <p class='ocr_par' dir='ltr' id='par_1_7' title="bbox 158 2105 1279 2405">
     <span class='ocr_line' id='line_1_15' title="bbox 263 2105 1279 2205; baseline -0.004 -29"><span class='ocrx_word' id='word_1_93' title='bbox 263 2105 334 2176; x_wconf 88' lang='lat' dir='ltr'><strong>Sed</strong></span> <span class='ocrx_word' id='word_1_94' title='bbox 357 2107 498 2178; x_wconf 84' lang='lat' dir='ltr'><strong>diximus</strong></span> <span class='ocrx_word' id='word_1_95' title='bbox 522 2129 650 2205; x_wconf 81' lang='lat' dir='ltr'><strong>supra,</strong></span> <span class='ocrx_word' id='word_1_96' title='bbox 674 2109 862 2178; x_wconf 86' lang='lat' dir='ltr'><strong>cavendum</strong></span> <span class='ocrx_word' id='word_1_97' title='bbox 883 2107 985 2175; x_wconf 87' lang='lat' dir='ltr'><strong>etiam</strong></span> <span class='ocrx_word' id='word_1_98' title='bbox 1010 2128 1100 2190; x_wconf 84' lang='lat' dir='ltr'><strong>csse,</strong></span> <span class='ocrx_word' id='word_1_99' title='bbox 1132 2128 1175 2173; x_wconf 89' lang='lat' dir='ltr'><strong>ne</strong></span> <span class='ocrx_word' id='word_1_100' title='bbox 1197 2127 1279 2196; x_wconf 87' lang='lat' dir='ltr'><strong>spu-</strong></span> 
     </span>
     <span class='ocr_line' id='line_1_16' title="bbox 159 2207 1279 2300; baseline 0.001 -24"><span class='ocrx_word' id='word_1_101' title='bbox 159 2207 228 2276; x_wconf 89' lang='lat' dir='ltr'><strong>rios</strong></span> <span class='ocrx_word' id='word_1_102' title='bbox 248 2218 403 2300; x_wconf 87' lang='lat' dir='ltr'><strong>putemus</strong></span> <span class='ocrx_word' id='word_1_103' title='bbox 423 2233 481 2278; x_wconf 85' lang='lat' dir='ltr'><strong>cos</strong></span> <span class='ocrx_word' id='word_1_104' title='bbox 502 2232 633 2294; x_wconf 86' lang='lat' dir='ltr'><strong>versus,</strong></span> <span class='ocrx_word' id='word_1_105' title='bbox 666 2212 726 2300; x_wconf 86' lang='lat' dir='ltr'><strong>qui</strong></span> <span class='ocrx_word' id='word_1_106' title='bbox 746 2211 832 2278; x_wconf 90' lang='lat' dir='ltr'><strong>nihil</strong></span> <span class='ocrx_word' id='word_1_107' title='bbox 851 2211 915 2278; x_wconf 89' lang='lat' dir='ltr'><strong>nisi</strong></span> <span class='ocrx_word' id='word_1_108' title='bbox 936 2211 972 2276; x_wconf 85' lang='lat' dir='ltr'><strong>in</strong></span> <span class='ocrx_word' id='word_1_109' title='bbox 992 2209 1139 2276; x_wconf 84' lang='lat' dir='ltr'><strong>alienum</strong></span> <span class='ocrx_word' id='word_1_110' title='bbox 1163 2207 1279 2284; x_wconf 85' lang='lat' dir='ltr'><strong>locum</strong></span> 
     </span>
     <span class='ocr_line' id='line_1_17' title="bbox 158 2306 1226 2405; baseline -0.005 -25"><span class='ocrx_word' id='word_1_111' title='bbox 158 2313 292 2382; x_wconf 90' lang='lat' dir='ltr'><strong>traiecti</strong></span> <span class='ocrx_word' id='word_1_112' title='bbox 306 2320 389 2380; x_wconf 86' lang='lat' dir='ltr'><strong>sunt</strong></span> <span class='ocrx_word' id='word_1_113' title='bbox 414 2311 489 2379; x_wconf 91' lang='lat' dir='ltr'><strong>Ita</strong></span> <span class='ocrx_word' id='word_1_114' title='bbox 480 2335 529 2379; x_wconf 88' lang='grc' dir='ltr'><strong>ιιι</strong></span> <span class='ocrx_word' id='word_1_115' title='bbox 527 2311 652 2380; x_wconf 89' lang='lat' dir='ltr'><strong>eadem</strong></span> <span class='ocrx_word' id='word_1_116' title='bbox 672 2313 790 2390; x_wconf 79' lang='lat' dir='ltr'><strong>tabula</strong></span> <span class='ocrx_word' id='word_1_117' title='bbox 810 2313 899 2383; x_wconf 87' lang='lat' dir='ltr'><strong>haec</strong></span> <span class='ocrx_word' id='word_1_118' title='bbox 910 2313 1071 2405; x_wconf 81' lang='lat' dir='ltr'><strong>leguntur</strong></span> <span class='ocrx_word' id='word_1_119' title='bbox 1088 2333 1120 2379; x_wconf 90' lang='lat' dir='ltr'><strong>v</strong></span> <span class='ocrx_word' id='word_1_120' title='bbox 1140 2306 1226 2376; x_wconf 81' lang='lat'>162.</span> 
     </span>
    </p>
   </div>
   <div class='ocr_carea' id='block_1_8' title="bbox 318 2456 1046 2584">
    <p class='ocr_par' dir='ltr' id='par_1_8' title="bbox 318 2456 1046 2584">
     <span class='ocr_line' id='line_1_18' title="bbox 318 2456 1046 2584; baseline -0.005 -48"><span class='ocrx_word' id='word_1_121' title='bbox 318 2462 391 2552; x_wconf 83' lang='grc' dir='ltr'>ἔχει</span> <span class='ocrx_word' id='word_1_122' title='bbox 412 2459 482 2553; x_wconf 76' lang='grc' dir='ltr'><strong>μὲν</strong></span> <span class='ocrx_word' id='word_1_123' title='bbox 505 2459 572 2559; x_wconf 81' lang='grc' dir='ltr'><strong>ἤδη</strong></span> <span class='ocrx_word' id='word_1_124' title='bbox 589 2456 771 2557; x_wconf 74' lang='lat' dir='ltr'><strong>yarto&#39;cooc</strong></span> <span class='ocrx_word' id='word_1_125' title='bbox 795 2488 882 2554; x_wconf 76' lang='grc' dir='ltr'><strong><em>χοας</em></strong></span> <span class='ocrx_word' id='word_1_126' title='bbox 902 2457 1046 2584; x_wconf 69' lang='lat' dir='ltr'><strong>nosp&#39;p,</strong></span> 
     </span>
    </p>
   </div>
   <div class='ocr_carea' id='block_1_9' title="bbox 231 2558 1058 2784">
    <p class='ocr_par' dir='ltr' id='par_1_9' title="bbox 231 2558 1058 2757">
     <span class='ocr_line' id='line_1_19' title="bbox 317 2558 1058 2685; baseline -0.003 -49"><span class='ocrx_word' id='word_1_127' title='bbox 317 2558 425 2660; x_wconf 74' lang='grc' dir='ltr'><em>κήρυε</em></span> <span class='ocrx_word' id='word_1_128' title='bbox 445 2564 597 2685; x_wconf 74' lang='grc' dir='ltr'><strong><em>μεγίστη</em></strong></span> <span class='ocrx_word' id='word_1_129' title='bbox 614 2563 687 2636; x_wconf 70' lang='grc' dir='ltr'><strong>τοῖν</strong></span> <span class='ocrx_word' id='word_1_130' title='bbox 709 2561 789 2636; x_wconf 79' lang='grc' dir='ltr'><em>ἅνω.</em></span> <span class='ocrx_word' id='word_1_131' title='bbox 800 2591 842 2638; x_wconf 82' lang='grc' dir='ltr'><strong>τι</strong></span> <span class='ocrx_word' id='word_1_132' title='bbox 867 2563 928 2637; x_wconf 80' lang='grc' dir='ltr'><strong>καὶ</strong></span> <span class='ocrx_word' id='word_1_133' title='bbox 950 2589 1058 2635; x_wconf 83' lang='grc' dir='ltr'><strong><em>κατω.</em></strong></span> 
     </span>
     <span class='ocr_line' id='line_1_20' title="bbox 231 2659 1026 2784; baseline -0.001 -45"><span class='ocrx_word' id='word_1_134' title='bbox 231 2719 232 2722; x_wconf 63' lang='lat'><strong>,</strong></span> <span class='ocrx_word' id='word_1_135' title='bbox 317 2667 400 2739; x_wconf 68' lang='lat' dir='ltr'><strong>stov</strong></span> <span class='ocrx_word' id='word_1_136' title='bbox 427 2665 466 2738; x_wconf 81' lang='grc' dir='ltr'><strong>δὲ</strong></span> <span class='ocrx_word' id='word_1_137' title='bbox 490 2659 617 2784; x_wconf 70' lang='grc' dir='ltr'>μύθιιυ</span> <span class='ocrx_word' id='word_1_138' title='bbox 641 2663 751 2739; x_wconf 73' lang='lat' dir='ltr'><strong>seoda</strong></span> <span class='ocrx_word' id='word_1_139' title='bbox 774 2691 1026 2754; x_wconf 76' lang='grc' dir='ltr'>κοινωνησατι</span> 
     </span>
    </p>
   </div>
   <div class='ocr_carea' id='block_1_10' title="bbox 27 2816 1278 3940">
    <p class='ocr_par' dir='ltr' id='par_1_10' title="bbox 27 2816 1278 3940">
     <span class='ocr_line' id='line_1_21' title="bbox 160 2816 1276 2907; baseline -0.004 -18"><span class='ocrx_word' id='word_1_140' title='bbox 160 2819 333 2904; x_wconf 85' lang='lat' dir='ltr'><strong>Advertit,</strong></span> <span class='ocrx_word' id='word_1_141' title='bbox 367 2820 426 2907; x_wconf 93' lang='lat' dir='ltr'><strong>qui</strong></span> <span class='ocrx_word' id='word_1_142' title='bbox 449 2816 580 2890; x_wconf 87' lang='lat' dir='ltr'><strong>medius</strong></span> <span class='ocrx_word' id='word_1_143' title='bbox 605 2816 730 2886; x_wconf 88' lang='lat' dir='ltr'><strong>horum</strong></span> <span class='ocrx_word' id='word_1_144' title='bbox 754 2839 910 2890; x_wconf 89' lang='lat' dir='ltr'><strong>versuum</strong></span> <span class='ocrx_word' id='word_1_145' title='bbox 933 2827 1001 2904; x_wconf 88' lang='lat' dir='ltr'><strong>est,</strong></span> <span class='ocrx_word' id='word_1_146' title='bbox 1025 2816 1276 2903; x_wconf 88' lang='lat' dir='ltr'><strong>Robortellum,</strong></span> 
     </span>
     <span class='ocr_line' id='line_1_22' title="bbox 160 2914 1276 3014; baseline -0.004 -23"><span class='ocrx_word' id='word_1_147' title='bbox 160 2931 201 2991; x_wconf 90' lang='lat' dir='ltr'><strong>ut</strong></span> <span class='ocrx_word' id='word_1_148' title='bbox 227 2932 305 3014; x_wconf 88' lang='lat' dir='ltr'><strong>post</strong></span> <span class='ocrx_word' id='word_1_149' title='bbox 328 2944 405 2990; x_wconf 90' lang='lat' dir='ltr'><strong>eum</strong></span> <span class='ocrx_word' id='word_1_150' title='bbox 429 2921 617 2992; x_wconf 88' lang='lat' dir='ltr'><strong>lacunae</strong></span> <span class='ocrx_word' id='word_1_151' title='bbox 592 2941 725 3012; x_wconf 76' lang='lat' dir='ltr'><strong>signum</strong></span> <span class='ocrx_word' id='word_1_152' title='bbox 752 2931 904 3013; x_wconf 87' lang='lat' dir='ltr'><strong>poneret.</strong></span> <span class='ocrx_word' id='word_1_153' title='bbox 955 2922 1030 2991; x_wconf 88' lang='lat' dir='ltr'><strong>Nec</strong></span> <span class='ocrx_word' id='word_1_154' title='bbox 1056 2914 1196 2988; x_wconf 91' lang='lat' dir='ltr'><strong>dubium</strong></span> <span class='ocrx_word' id='word_1_155' title='bbox 1216 2928 1276 3005; x_wconf 88' lang='lat' dir='ltr'><strong>est,</strong></span> 
     </span>
     <span class='ocr_line' id='line_1_23' title="bbox 161 3022 1277 3114; baseline -0.004 -21"><span class='ocrx_word' id='word_1_156' title='bbox 161 3047 294 3094; x_wconf 88' lang='lat' dir='ltr'><strong>versum</strong></span> <span class='ocrx_word' id='word_1_157' title='bbox 317 3025 432 3110; x_wconf 89' lang='lat' dir='ltr'><strong>illum,</strong></span> <span class='ocrx_word' id='word_1_158' title='bbox 457 3025 520 3110; x_wconf 92' lang='lat' dir='ltr'><strong>sic,</strong></span> <span class='ocrx_word' id='word_1_159' title='bbox 546 3031 584 3092; x_wconf 92' lang='lat' dir='ltr'><strong>ut</strong></span> <span class='ocrx_word' id='word_1_160' title='bbox 601 3046 690 3094; x_wconf 93' lang='lat' dir='ltr'><strong>nunc</strong></span> <span class='ocrx_word' id='word_1_161' title='bbox 717 3034 785 3110; x_wconf 87' lang='lat' dir='ltr'><strong>est,</strong></span> <span class='ocrx_word' id='word_1_162' title='bbox 815 3024 952 3114; x_wconf 83' lang='lat' dir='ltr'><strong>reliquis</strong></span> <span class='ocrx_word' id='word_1_163' title='bbox 978 3026 1155 3108; x_wconf 87' lang='lat' dir='ltr'><strong>insertum,</strong></span> <span class='ocrx_word' id='word_1_164' title='bbox 1189 3022 1277 3091; x_wconf 89' lang='lat' dir='ltr'><strong>adeo</strong></span> 
     </span>
     <span class='ocr_line' id='line_1_24' title="bbox 162 3124 1277 3220; baseline -0.004 -24"><span class='ocrx_word' id='word_1_165' title='bbox 162 3125 316 3220; x_wconf 88' lang='lat' dir='ltr'><strong>ineptum</strong></span> <span class='ocrx_word' id='word_1_166' title='bbox 341 3151 429 3217; x_wconf 74' lang='lat' dir='ltr'><strong>esse,</strong></span> <span class='ocrx_word' id='word_1_167' title='bbox 455 3135 493 3194; x_wconf 94' lang='lat' dir='ltr'><strong>ut</strong></span> <span class='ocrx_word' id='word_1_168' title='bbox 513 3127 635 3196; x_wconf 87' lang='lat' dir='ltr'><strong>mirum</strong></span> <span class='ocrx_word' id='word_1_169' title='bbox 646 3125 704 3212; x_wconf 90' lang='lat' dir='ltr'><strong>sit,</strong></span> <span class='ocrx_word' id='word_1_170' title='bbox 730 3129 789 3216; x_wconf 91' lang='lat' dir='ltr'><strong>qui</strong></span> <span class='ocrx_word' id='word_1_171' title='bbox 808 3128 888 3196; x_wconf 86' lang='lat' dir='ltr'><strong>alias</strong></span> <span class='ocrx_word' id='word_1_172' title='bbox 903 3124 949 3193; x_wconf 87' lang='lat' dir='ltr'><strong>ad</strong></span> <span class='ocrx_word' id='word_1_173' title='bbox 962 3126 1142 3195; x_wconf 85' lang='lat' dir='ltr'><strong>eiiciendos</strong></span> <span class='ocrx_word' id='word_1_174' title='bbox 1165 3147 1277 3193; x_wconf 85' lang='lat' dir='ltr'><strong>versus</strong></span> 
     </span>
     <span class='ocr_line' id='line_1_25' title="bbox 162 3227 1276 3322; baseline -0.003 -24"><span class='ocrx_word' id='word_1_175' title='bbox 162 3230 405 3322; x_wconf 82' lang='lat' dir='ltr'><strong>promptissimi</strong></span> <span class='ocrx_word' id='word_1_176' title='bbox 432 3238 530 3313; x_wconf 86' lang='lat' dir='ltr'><strong>sunt,</strong></span> <span class='ocrx_word' id='word_1_177' title='bbox 566 3228 624 3296; x_wconf 92' lang='lat' dir='ltr'><strong>hic</strong></span> <span class='ocrx_word' id='word_1_178' title='bbox 644 3227 690 3296; x_wconf 90' lang='lat' dir='ltr'><strong>ad</strong></span> <span class='ocrx_word' id='word_1_179' title='bbox 713 3229 871 3300; x_wconf 87' lang='lat' dir='ltr'><strong>lacunam</strong></span> <span class='ocrx_word' id='word_1_180' title='bbox 897 3229 1084 3322; x_wconf 82' lang='lat' dir='ltr'><strong>confugere</strong></span> <span class='ocrx_word' id='word_1_181' title='bbox 1112 3228 1276 3298; x_wconf 87' lang='lat' dir='ltr'><strong>maluisse.</strong></span> 
     </span>
     <span class='ocr_line' id='line_1_26' title="bbox 163 3277 1278 3420; baseline -0.004 -20"><span class='ocrx_word' id='word_1_182' title='bbox 163 3332 257 3419; x_wconf 79' lang='lat' dir='ltr'><strong>Quid</strong></span> <span class='ocrx_word' id='word_1_183' title='bbox 286 3333 397 3402; x_wconf 83' lang='lat' dir='ltr'><strong>enim?</strong></span> <span class='ocrx_word' id='word_1_184' title='bbox 437 3277 613 3420; x_wconf 80' lang='lat' dir='ltr'><strong>Quidquid</strong></span> <span class='ocrx_word' id='word_1_185' title='bbox 643 3332 802 3400; x_wconf 88' lang='lat' dir='ltr'><strong>excidisse</strong></span> <span class='ocrx_word' id='word_1_186' title='bbox 820 3341 959 3417; x_wconf 85' lang='lat' dir='ltr'><strong>statuas,</strong></span> <span class='ocrx_word' id='word_1_187' title='bbox 999 3355 1080 3402; x_wconf 91' lang='lat' dir='ltr'><strong>num</strong></span> <span class='ocrx_word' id='word_1_188' title='bbox 1104 3332 1175 3400; x_wconf 87' lang='lat' dir='ltr'><strong>tale</strong></span> <span class='ocrx_word' id='word_1_189' title='bbox 1204 3332 1278 3416; x_wconf 88' lang='lat' dir='ltr'><strong>erit,</strong></span> 
     </span>
     <span class='ocr_line' id='line_1_27' title="bbox 27 3433 1278 3527; baseline -0.005 -23"><span class='ocrx_word' id='word_1_190' title='bbox 27 3515 28 3522; x_wconf 7' lang='grc' dir='ltr'>χ</span> <span class='ocrx_word' id='word_1_191' title='bbox 163 3446 201 3504; x_wconf 91' lang='lat' dir='ltr'><strong>ut</strong></span> <span class='ocrx_word' id='word_1_192' title='bbox 221 3434 385 3505; x_wconf 89' lang='lat' dir='ltr'><strong>Mercurii</strong></span> <span class='ocrx_word' id='word_1_193' title='bbox 406 3435 651 3504; x_wconf 84' lang='lat' dir='ltr'><strong>invocationem</strong></span> <span class='ocrx_word' id='word_1_194' title='bbox 675 3433 734 3504; x_wconf 90' lang='lat' dir='ltr'><strong>hic</strong></span> <span class='ocrx_word' id='word_1_195' title='bbox 765 3445 879 3527; x_wconf 88' lang='lat' dir='ltr'><strong>aptam</strong></span> <span class='ocrx_word' id='word_1_196' title='bbox 908 3454 979 3506; x_wconf 86' lang='lat' dir='ltr'><strong>esse</strong></span> <span class='ocrx_word' id='word_1_197' title='bbox 1000 3434 1153 3504; x_wconf 82' lang='lat' dir='ltr'><strong>efficias?</strong></span> <span class='ocrx_word' id='word_1_198' title='bbox 1199 3433 1278 3500; x_wconf 90' lang='lat' dir='ltr'><strong>Non</strong></span> 
     </span>
     <span class='ocr_line' id='line_1_28' title="bbox 27 3523 1277 3629; baseline -0.005 -23"><span class='ocrx_word' id='word_1_199' title='bbox 27 3543 28 3606; x_wconf 68' lang='lat'>1</span> <span class='ocrx_word' id='word_1_200' title='bbox 164 3539 286 3628; x_wconf 91' lang='lat' dir='ltr'><strong>opinor</strong></span> <span class='ocrx_word' id='word_1_201' title='bbox 312 3537 478 3627; x_wconf 89' lang='lat' dir='ltr'><strong>equidem.</strong></span> <span class='ocrx_word' id='word_1_202' title='bbox 531 3537 683 3622; x_wconf 78' lang='lat' dir='ltr'><strong>Quod</strong></span> <span class='ocrx_word' id='word_1_203' title='bbox 659 3561 686 3606; x_wconf 77' lang='grc' dir='ltr'><strong>ει</strong></span> <span class='ocrx_word' id='word_1_204' title='bbox 709 3540 881 3629; x_wconf 87' lang='lat' dir='ltr'><strong>superiora</strong></span> <span class='ocrx_word' id='word_1_205' title='bbox 909 3523 1185 3620; x_wconf 76' lang='lat' dir='ltr'><strong>consideraveris,</strong></span> <span class='ocrx_word' id='word_1_206' title='bbox 1222 3533 1277 3600; x_wconf 85' lang='lat' dir='ltr'><strong>fa</strong></span> 
     </span>
     <span class='ocr_line' id='line_1_29' title="bbox 27 3637 1278 3734; baseline -0.009 -20"><span class='ocrx_word' id='word_1_207' title='bbox 27 3647 28 3664; x_wconf 62' lang='lat'>¹</span> <span class='ocrx_word' id='word_1_208' title='bbox 164 3643 251 3727; x_wconf 89' lang='lat' dir='ltr'><strong>cile,</strong></span> <span class='ocrx_word' id='word_1_209' title='bbox 284 3663 403 3734; x_wconf 88' lang='lat' dir='ltr'><strong>spero,</strong></span> <span class='ocrx_word' id='word_1_210' title='bbox 435 3640 628 3724; x_wconf 86' lang='lat' dir='ltr'><strong>adduceris,</strong></span> <span class='ocrx_word' id='word_1_211' title='bbox 663 3647 700 3707; x_wconf 93' lang='lat' dir='ltr'><strong>ut</strong></span> <span class='ocrx_word' id='word_1_212' title='bbox 718 3657 854 3712; x_wconf 76' lang='lat' dir='ltr'><strong>versum</strong></span> <span class='ocrx_word' id='word_1_213' title='bbox 881 3639 997 3724; x_wconf 87' lang='lat' dir='ltr'><strong>illum,</strong></span> <span class='ocrx_word' id='word_1_214' title='bbox 1039 3639 1188 3708; x_wconf 87' lang='lat' dir='ltr'><strong>lacerato</strong></span> <span class='ocrx_word' id='word_1_215' title='bbox 1221 3637 1278 3704; x_wconf 88' lang='lat' dir='ltr'><strong>vel</strong></span> 
     </span>
     <span class='ocr_line' id='line_1_30' title="bbox 27 3740 1278 3837; baseline -0.004 -25"><span class='ocrx_word' id='word_1_216' title='bbox 27 3787 28 3792; x_wconf 22' lang='grc' dir='ltr'><strong>κ</strong></span> <span class='ocrx_word' id='word_1_217' title='bbox 164 3743 316 3813; x_wconf 87' lang='lat' dir='ltr'><strong>eiusdem</strong></span> <span class='ocrx_word' id='word_1_218' title='bbox 336 3743 483 3837; x_wconf 84' lang='lat' dir='ltr'><strong>paginae</strong></span> <span class='ocrx_word' id='word_1_219' title='bbox 501 3762 669 3835; x_wconf 87' lang='lat' dir='ltr'><strong>supremo,</strong></span> <span class='ocrx_word' id='word_1_220' title='bbox 695 3743 749 3809; x_wconf 89' lang='lat' dir='ltr'><strong>vel</strong></span> <span class='ocrx_word' id='word_1_221' title='bbox 764 3740 996 3834; x_wconf 88' lang='lat' dir='ltr'><strong>praecedentis</strong></span> <span class='ocrx_word' id='word_1_222' title='bbox 1015 3741 1111 3809; x_wconf 84' lang='lat' dir='ltr'><strong>folii</strong></span> <span class='ocrx_word' id='word_1_223' title='bbox 1101 3763 1170 3807; x_wconf 92' lang='lat' dir='ltr'><strong>nno</strong></span> <span class='ocrx_word' id='word_1_224' title='bbox 1186 3761 1278 3807; x_wconf 91' lang='lat' dir='ltr'><strong>mar-</strong></span> 
     </span>
     <span class='ocr_line' id='line_1_31' title="bbox 162 3844 1276 3940; baseline -0.003 -23"><span class='ocrx_word' id='word_1_225' title='bbox 162 3849 263 3940; x_wconf 85' lang='lat' dir='ltr'><strong>gine,</strong></span> <span class='ocrx_word' id='word_1_226' title='bbox 290 3847 434 3916; x_wconf 89' lang='lat' dir='ltr'><strong>alienam</strong></span> <span class='ocrx_word' id='word_1_227' title='bbox 451 3846 567 3916; x_wconf 88' lang='lat' dir='ltr'><strong>sedem</strong></span> <span class='ocrx_word' id='word_1_228' title='bbox 583 3867 766 3936; x_wconf 90' lang='lat' dir='ltr'><strong>occupasse</strong></span> <span class='ocrx_word' id='word_1_229' title='bbox 787 3844 849 3914; x_wconf 90' lang='lat' dir='ltr'><strong>tibi</strong></span> <span class='ocrx_word' id='word_1_230' title='bbox 869 3844 1084 3935; x_wconf 88' lang='lat' dir='ltr'><strong>persuadeas.</strong></span> <span class='ocrx_word' id='word_1_231' title='bbox 1109 3845 1276 3938; x_wconf 83' lang='lat' dir='ltr'><strong>Apertum</strong></span> 
     </span>
    </p>
   </div>
   <div class='ocr_carea' id='block_1_11' title="bbox 164 3945 1040 4085">
    <p class='ocr_par' dir='ltr' id='par_1_11' title="bbox 164 3945 1040 4085">
     <span class='ocr_line' id='line_1_32' title="bbox 164 3945 1040 4085; baseline -0.003 -68"><span class='ocrx_word' id='word_1_232' title='bbox 164 3951 254 4020; x_wconf 90' lang='lat' dir='ltr'><strong>enim</strong></span> <span class='ocrx_word' id='word_1_233' title='bbox 274 3949 375 4020; x_wconf 88' lang='lat' dir='ltr'><strong>huius</strong></span> <span class='ocrx_word' id='word_1_234' title='bbox 398 3951 447 4021; x_wconf 89' lang='lat' dir='ltr'><strong>rei</strong></span> <span class='ocrx_word' id='word_1_235' title='bbox 469 3949 630 4020; x_wconf 89' lang='lat' dir='ltr'><strong>indicium</strong></span> <span class='ocrx_word' id='word_1_236' title='bbox 650 3949 815 4041; x_wconf 88' lang='lat' dir='ltr'><strong>praebent</strong></span> <span class='ocrx_word' id='word_1_237' title='bbox 830 3950 890 4017; x_wconf 89' lang='lat' dir='ltr'><strong>illa</strong></span> <span class='ocrx_word' id='word_1_238' title='bbox 907 3972 937 4021; x_wconf 90' lang='lat' dir='ltr'><strong>v.</strong></span> <span class='ocrx_word' id='word_1_239' title='bbox 931 3945 1040 4085; x_wconf 73' lang='grc' dir='ltr'><strong>,ΙΞΞ</strong></span> 
     </span>
    </p>
   </div>
   <div class='ocr_carea' id='block_1_12' title="bbox 298 4097 1070 4426">
    <p class='ocr_par' dir='ltr' id='par_1_12' title="bbox 313 4097 1070 4400">
     <span class='ocr_line' id='line_1_33' title="bbox 368 4097 1042 4224; baseline -0.009 -45.056"><span class='ocrx_word' id='word_1_240' title='bbox 368 4101 589 4199; x_wconf 81' lang='grc' dir='ltr'><strong><em>--Ερμῆ</em></strong></span> <span class='ocrx_word' id='word_1_241' title='bbox 612 4097 762 4194; x_wconf 79' lang='grc' dir='ltr'>χθόνιε,</span> <span class='ocrx_word' id='word_1_242' title='bbox 788 4097 977 4224; x_wconf 72' lang='grc' dir='ltr'><strong>κηρύξας’</strong></span> <span class='ocrx_word' id='word_1_243' title='bbox 959 4100 1042 4193; x_wconf 80' lang='grc' dir='ltr'>εμοι</span> 
     </span>
     <span class='ocr_line' id='line_1_34' title="bbox 298 4196 1070 4304; baseline -0.004 -24.924"><span class='ocrx_word' id='word_1_244' title='bbox 298 4232 403 4286; x_wconf 78' lang='grc' dir='ltr'><strong><em>τους</em></strong></span> <span class='ocrx_word' id='word_1_245' title='bbox 424 4206 485 4300; x_wconf 70' lang='grc' dir='ltr'><strong>γῆς</strong></span> <span class='ocrx_word' id='word_1_246' title='bbox 508 4207 637 4304; x_wconf 74' lang='grc' dir='ltr'><strong><em>ἔνερθε</em></strong></span> <span class='ocrx_word' id='word_1_247' title='bbox 659 4205 834 4301; x_wconf 75' lang='grc' dir='ltr'><strong><em>δαίμονας</em></strong></span> <span class='ocrx_word' id='word_1_248' title='bbox 850 4196 1070 4297; x_wconf 63' lang='lat' dir='ltr'><strong>riderentur</strong></span> 
     </span>
     <span class='ocr_line' id='line_1_35' title="bbox 313 4298 435 4426; baseline -0.018 -44"><span class='ocrx_word' id='word_1_249' title='bbox 313 4298 435 4426; x_wconf 78' lang='grc' dir='ltr'>ιυχιίς.</span> 
     </span>
    </p>
   </div>
   <div class='ocr_carea' id='block_1_13' title="bbox 0 0 1564 5030">
    <p class='ocr_par' dir='ltr' id='par_1_13' title="bbox 0 0 1564 5030">
     <span class='ocr_line' id='line_1_36' title="bbox 0 0 1564 5030; baseline 0 0"><span class='ocrx_word' id='word_1_250' title='bbox 0 0 1564 5030; x_wconf 95' lang='lat' dir='ltr'><strong> </strong></span> 
     </span>
    </p>
   </div>
  </div>
 </body>
</html>
