3078 5026
531 309 854 375 nlssununulo
880 313 902 374 1.
1207 313 1274 378 ltu
1311 360 1315 374 .

156 481 357 577 Μέγαιρα,
383 508 444 556 ιαι
435 463 649 581 Τισιφόνη.
702 483 806 568 Quod
824 483 909 552 him
924 460 1089 574 decusa
1108 481 1271 578 Eumeni-

158 585 259 654 dibns
283 586 412 654 dictum
435 607 505 652 esse
526 586 691 672 referunt,
715 609 878 677 nusquam
901 586 936 654 iu
959 609 998 656 ea
1019 586 1152 672 fabula,
1177 595 1215 654 ιιι
1228 605 1270 656 eu

158 711 249 758 nunc
264 688 400 776 quidem
423 686 587 774 habetur,
612 691 771 779 scriptum
794 698 858 758 est:
884 691 965 778 quin
987 713 1030 758 ne
1053 711 1177 757 nomen
1196 689 1272 778 qui·

157 789 272 859 dem'
263 815 298 858 ιιι
319 814 359 859 ea
383 789 611 858 Eumenidum
629 815 771 881 nsquam
791 793 966 884 reperitur.
1020 792 1125 882 Atqui
1146 790 1271 860 horum

156 894 244 962 fides
262 895 558 985 grammaticorum
575 917 616 962 eo
632 896 740 964 minua
751 897 786 962 in
807 894 1049 963 dubitationem
1066 892 1179 963 venire
1201 916 1270 984 po-

156 1004 240 1081 test,
266 997 361 1085 quod
375 996 564 1086 Aeschylus
577 985 653 1067 'non
674 999 780 1067 modo
805 999 894 1066 hauc
912 998 1177 1090 appellationem
1197 997 1274 1066 Fu*

157 1099 301 1185 riarum,
327 1106 364 1166 ut
386 1121 428 1165 ex
449 1101 524 1190 ipso
545 1099 606 1168 illo
624 1097 753 1170 Orestis
777 1101 900 1170 indicio
920 1111 1053 1186 natam,
1076 1100 1271 1190 propriam·

158 1223 227 1290 que
240 1202 510 1287 Atheniensibus,
533 1203 589 1271 vix
602 1205 785 1293 praeterire
800 1205 922 1295 potuit,
948 1203 1041 1293 (vide
1056 1201 1270 1293 Sophoclem

159 1305 194 1372 in
223 1304 312 1374 Oed.
335 1303 411 1376 col.
432 1304 495 1378 42.
525 1314 559 1373 et
581 1307 629 1375 ibi
654 1306 874 1393 scholiasten,
907 1307 1005 1375 cuius
1020 1305 1272 1374 adnotationem

160 1409 294 1500 repetiit
309 1407 430 1480 Suidas
451 1410 486 1477 in
506 1430 538 1476 ι.
561 1405 774 1502 Εὐμονίδις)
799 1408 861 1478 sed
879 1409 979 1477 etiam
997 1409 1113 1500 ipsum
1132 1407 1272 1476 fabulae

158 1535 283 1580 nomeu
295 1511 498 1580 mentionem
514 1512 583 1580 eius
600 1512 648 1580 rei
660 1513 785 1582 iactam
801 1535 871 1581 esse
886 1514 1006 1604 arguit
1059 1510 1150 1597 Quin
1168 1509 1273 1578 etiam

158 1615 195 1681 in
211 1623 409 1706 argumento
427 1614 584 1700 fabulae,
610 1616 705 1703 quod
728 1638 795 1684 non
814 1617 924 1684 solum
935 1616 970 1684 in
985 1611 1179 1682 Robortelli
1192 1611 1269 1680 edi-

159 1719 270 1802 tione,
295 1717 355 1785 sed
381 1718 510 1786 etiam'
501 1713 536 1839 ιιι
555 1713 692 1807 reliquis
710 1719 864 1787 mutilum
885 1726 950 1802 est,
979 1709 1173 1784 adnotatur·
1203 1707 1271 1794 τιίς

161 1820 199 1895 δὲ
220 1814 423 1916 Ἐριννιίας
425 1813 606 1915 πραΰνας,
649 1815 929 1918 προςηγόρευσιν
955 1815 1179 1914 Εὐμενίδας
1209 1816 1273 1884 ubi

159 1923 372 1992 scribendum
390 1916 580 2021 πραΰνιισα
588 1978 602 2012 ,
630 1926 818 1994 auctoribus
841 1923 939 1991 illis'
929 1922 1027 2014 ipsis,
1057 1939 1143 2012 quos
1162 1919 1272 2004 attuli,

159 2027 394 2117 grammaticis.
445 2025 540 2094 Nihil
556 2048 640 2116 ergo
655 2026 747 2095 aliud
762 2025 916 2094 relictum
930 2034 998 2111 est,
1023 2045 1126 2146 quam
1140 2033 1274 2095 utam

158 2129 324 2222 locum,
314 2152 350 2197 m
371 2148 439 2216 quo
454 2128 575 2198 Furias
595 2129 822 2198 Eumenidum
837 2149 960 2196 nomen
977 2129 1146 2218 accepisse
1163 2133 1272 2218 poeto

159 2231 305 2317 dixerat,
335 2230 548 2298 librariomm
567 2231 792 2322 negligentia,
824 2231 881 2301 vel
907 2227 1067 2300 codicum
1087 2229 1178 2296 tristi
1194 2226 1275 2294 ior-

158 2345 240 2402 tuna
265 2333 423 2400 interiisse
445 2340 645 2405 statuamus:
697 2333 789 2404 cuius
817 2332 949 2423 generis
979 2330 1138 2421 exempla
1169 2330 1270 2417 plum

158 2437 280 2520 etiam,
304 2456 407 2523 quam
424 2434 531 2525 vulgo
551 2433 714 2504 creditum
735 2443 799 2519 est,
825 2435 859 2501 in
883 2431 1045 2522 Aeschyli
1063 2430 1187 2501 fabulis
1210 2449 1270 2498 cx·-

159 2545 256 2608 stant
309 2538 424 2622 Quum
445 2548 557 2605 autem
580 2547 615 2605 et
636 2559 689 2604 res
709 2537 799 2627 ipsa,
815 2544 859 2605 ‘et
873 2527 1170 2628 granimatico'rum
1184 2547 1271 2622 quos

159 2641 492 2714 commemoravimus
526 2641 751 2709 testimonium
787 2640 877 2709 circa
915 2639 1018 2707 finem
1054 2636 1202 2707 fabulae
1229 2634 1316 2703 iola

159 2745 286 2815 factum
301 2765 371 2812 esse
389 2743 559 2829 ostendat,
572 2744 618 2810 ¹in
630 2752 792 2835 prompto
810 2742 984 2827 est‘locus,
1008 2742 1148 2831 quinon
1160 2738 1268 2808 modo

158 2849 302 2916 maxime
328 2839 372 2914 ad
389 2869 465 2914 eam
486 2847 709 2914 narrationem
730 2845 1063 2930 idoneus'videatur,
1088 2842 1273 2913 sedetiam

121 3041 124 3044 Ι
158 2953 204 3020 ob
224 2953 332 3041 ipsam
352 2952 534 3018 verborum
556 2949 846 3019 inconcinnitatem
862 2949 1003 3018 lacunae
1021 2953 1193 3037 suspectus
1216 2943 1269 3028 sit,
1399 3025 1403 3030 ¹

158 3077 189 3122 ι.
211 3051 322 3122 1628.
372 3053 427 3121 lbi
452 3075 556 3141 quum
580 3053 736 3121 Minerva
759 3076 795 3120 se
822 3054 996 3119 missuram
1024 3050 1170 3133 dixisset,
1209 3044 1272 3136 qui

156 3155 275 3226 Furias
297 3155 342 3224 ad
359 3150 555 3226 destinatam
576 3155 692 3224 sedem
713 3153 938 3240 deducerent,
970 3153 1018 3220 ita
1036 3150 1213 3244 pergitz'

1466 2841 1472 2876 ί

593 3375 594 3378 ,
628 3305 756 3432 ὄμμα
777 3331 846 3429 γαρ
866 3299 977 3430 ποίσης
995 3298 1130 3396 χδονός
1196 3356 1199 3362 -

264 3411 424 3508 Θησῇδος
449 3406 595 3494 ἐξίιιοιτ
618 3407 682 3504 ίίν,
708 3404 848 3506 εὐιλιης
872 3403 977 3500 λόχος
1237 3505 1239 3510 ,

260 3513 415 3593 παίδων,
442 3513 639 3637 ριναιιιαῖν,
665 3512 725 3584 καί
751 3507 878 3632 στόλος
896 3507 1161 3615 πρισιδιιτίδιιιιι.Ι
1262 3595 1268 3600 ,

261 3610 561 3744 φοινικοβάπτοις
577 3619 735 3693 ἐνδυτοῖς
753 3607 960 3708 ἐσδήμασιν

260 3746 408 3812 τιματε.
434 3716 493 3789 ιιαί
511 3745 556 3790 το
576 3717 704 3811 φέγμος
719 3709 897 3812 ορμοίοδιν
911 3705 1038 3811 ποριίς

157 3873 226 3942 Ηίο
254 3895 323 3939 ιιοιι
346 3873 456 3940 solum
485 3866 692 3940 desideratur
724 3868 871 3936 virorum
901 3875 936 3936 et
954 3866 1110 3934 iuvenum
1129 3858 1268 3944 mentio,

157 3997 304 4066 quorum
325 3977 360 4043 in
383 3975 451 4044 hac
470 3997 601 4066 pompa
626 3982 697 4040 tam
718 3962 854 4065 insigne
876 3969 1029 4039 officium
1051 3973 1139 4051 erat,
1171 3973 1216 4033 ut
1230 3961 1268 4030 id

156 4102 226 4147 nou
249 4077 401 4146 videatur
429 4079 605 4169 praeteriri
630 4077 793 4167 potuisse,
826 4073 920 4164 (vide
940 4094 1027 4162 quae
1051 4059 1269 4173 Boettigem's

158 4205 194 4274 p.
208 4181 244 4250 6.
260 4181 305 4249 de
320 4183 482 4301 personis
487 4181 675 4248 Furiarum
679 4179 804 4246 attulit.
819 4178 938 4266 quibus
953 4163 1269 4244 addeMaussaeum

160 4285 205 4400 ad
223 4285 426 4412 Harpoor.
416 4283 504 4406 mi
527 4281 656 4378 σἰμνιιί
677 4279 782 4373 διαί,
815 4278 1208 4412 p.314.ctValesiu1n
1222 4271 1267 4342 ad
1348 4377 1350 4384 ι
