3080 5054
429 327 691 397 srrcnsrrur
721 333 776 398 un
804 333 991 398 svusnr.
1177 325 1270 424 ,ras

100 517 102 524 ’
150 511 235 574 teste
245 505 458 596 Etymologo
473 529 494 574 a
507 506 677 582 communi
696 506 822 592 radice,
847 508 952 604 verbo
968 507 1130 602 μῶσθαι,
1157 506 1268 588 dictae

150 609 228 688 siot3
253 608 385 680 Plusiae
413 630 519 698 porro
544 631 684 695 nornen,
710 631 779 699 quo
801 609 856 678 alii
878 605 1129 684 hancmatrein
1146 608 1268 685 Musa-

149 733 225 782 rum
245 711 434 799 nominent,
459 735 527 780 non
548 737 618 782 esse
638 737 658 781 a
678 713 868 799 Musarum,
894 732 984 804 qnae
1001 714 1141 784 eaedem
1165 737 1264 805 nym-

149 814 244 906 phae
256 814 337 898 sint,
364 815 593 906 appellatione
609 816 772 905 alienum,
798 827 836 884 ut
857 841 899 886 eo
918 817 1052 886 nomine
1076 818 1177 886 etiam
1192 820 1264 888 Ne·

149 918 212 1001 da,
238 933 326 1006 quae
346 919 421 1008 ipsa
445 918 597 1009 pluribus
622 920 743 990 officiis
763 921 941 1012 fungatur,
973 943 1078 1010 quum
1100 929 1135 990 et
1153 922 1291 992 nutriri)

148 1021 238 1092 Iouis
264 1028 298 1088 et
325 1019 469 1089 fluminis
495 1021 649 1113 nympha
673 1023 733 1112 sit,
772 1025 888 1092 vocari
913 1024 1079 1116 potuerit;
1118 1022 1264 1112 denique
1327 1061 1330 1074 v

147 1124 348 1200 Pausaniam
368 1125 478 1194 statim
502 1149 522 1194 a
536 1125 634 1194 Neda
648 1126 849 1216 reliquisque
863 1128 952 1197 lovis
967 1127 1148 1196 nutricibus
1164 1149 1265 1216 nym-

147 1229 228 1319 phis
251 1225 295 1298 ad
314 1226 488 1296 Musarum
511 1239 545 1296 et
566 1227 819 1319 Mnemosynen,
846 1243 955 1320 'aqna
974 1231 1117 1307 alteram
1139 1229 1263 1300 Cicero

148 1331 324 1406 Musarum
338 1331 538 1422 progeniem
553 1331 671 1414 ducat,
697 1334 902 1403 mentionem
923 1334 1069 1402 transire.
1121 1333 1220 1402 Haec
1235 1332 1263 1400 si

148 1435 223 1523 quis
242 1432 365 1524 paullo·
384 1436 538 1504 attentius
559 1435 801 1520 considerabit,
827 1437 956 1507 videbit
976 1435 1263 1508 ratiocinationem

147 1538 194 1608 ita
213 1536 419 1627 procedere:
454 1539 533 1626 quia
561 1538 710 1628 potuerit
732 1539 886 1630 Iuppiter
912 1563 990 1610 cum
1016 1539 1161 1608 maxima
1182 1547 1263 1608 natu

146 1641 313 1714 nutricum
339 1663 472 1708 suarum
492 1642 736 1730 concumbere,
769 1644 986 1712 concubuisse
1011 1665 1090 1714 cnm
1114 1664 1173 1722 ea;
1197 1664 1262 1712 nu·
1314 1725 1320 1740 Ι

96 1821 100 1839 ,
146 1741 246 1814 trices
269 1743 343 1820 illas
365 1742 444 1832 quia
457 1743 698 1822 -Callimachus
723 1746 841 1814 lovem
865 1746 986 1816 dixerit
1007 1737 1260 1837 μαιοέοαοθαι,

147 1847 241 1936 qnod
261 1849 401 1917 uerbum
420 1869 634 1918 communem
655 1847 781 1917 habeat
800 1873 879 1926 cum
901 1849 1090 1921 nominibus
1110 1853 1203 1941 μαῖα
1227 1856 1262 1916 et

147 1949 285 2024 Morino
300 1951 482 2043 originem,
507 1962 642 2042 partum
656 1953 753 2024 illum
772 1953 907 2033 nutricis
918 1953 1027 2039 istius,
1054 1951 1099 2023 de
1112 1973 1180 2041 qua
1193 1971 1261 2020 nou

146 2060 276 2122 constat
295 2076 339 2122 an
350 2054 568 2140 concubuerit
585 2076 663 2123 curn
679 2078 867 2144 quoquam,
893 2056 1010 2128 Musas
1025 2055 1125 2122 fuisse
1139 2053 1263 2132 videri;

145 2153 325 2224 Musarum
344 2155 481 2223 istarum
495 2165 602 2226 mater
618 2157 696 2244 quia
712 2158 826 2228 Plusia
840 2159 884 2226 ab
897 2159 988 2244 aliis,
1013 2165 1156 2246 propter
1171 2156 1262 2224 mul-

145 2255 300 2350 tiplicem
316 2257 385 2326 vim
405 2279 517 2344 suam,
551 2258 641 2327 dicta
661 2260 720 2344 sit,
755 2259 903 2350 potuisse
926 2258 963 2326 id
982 2279 1107 2326 nomen
1129 2255 1260 2340 Nedue,

145 2383 235 2449 quae
267 2360 397 2453 duplici
426 2369 461 2429 et
489 2361 625 2429 nutricis
656 2360 693 2429 'et
720 2361 894 2452 nymphae
928 2361 1095 2428 fluviatilis
1122 2380 1262 2436 munere
1288 2353 1311 2458 ,¹

144 2463 325 2553 iungatur,
357 2463 475 2545 tribui3
518 2463 664 2552 denique
685 2464 850 2533 credibile
869 2485 958 2550 esse,
993 2463 1261 2531 coniunctionem

143 2565 437 2656 qnamdamislius
452 2565 643 2658 mymphae
668 2589 747 2638 cunr
766 2567 874 2636 Musis
895 2567 1013 2658 luisse,
1039 2565 1119 2655 qnia
1140 2565 1175 2632 irr
1199 2586 1261 2632 eo-
1283 2607 1288 2617 -

145 2671 225 2740 dem
246 2670 377 2761 templo
406 2685 484 2740 cnm
511 2663 695 2741 simulacris
720 2671 947 2762 nympharum
970 2663 1137 2742 nutricum
1160 2667 1261 2753 lovis,

144 2773 308 2842 infantem
335 2795 422 2842 eum
453 2775 605 2842 manibus
636 2776 855 2866 gestantium,
893 2797 1035 2863 quarum
1056 2773 1092 2842 in
1118 2793 1261 2841 numero
1379 2837 1385 2846 .

144 2877 244 2945 Neda
266 2876 327 2960 sit,
357 2877 469 2967 posita
494 2877 618 2946 fuerint
642 2878 740 2946 etism
763 2877 941 2949 Musarum
963 2877 1158 2962 simulacra,
1199 2875 1262 2945 etsi

143 3002 212 3048 non
234 2978 375 3064 harum,
407 3003 490 3068 quus
512 2981 626 3051 l'lusia
648 2981 708 3048 illa
733 2982 802 3050 sire
829 2981 929 3050 Neda
959 2981 1161 3073 peperisset,
1198 2974 1260 3046 sed

144 3083 303 3171 alierum,
340 3083 486 3153 filiarum
526 3083 787 3173 Mnemosynae‚
835 3095 874 3152 ut
907 3083 1006 3152 huius
1045 3083 1260 3150 simrdaorum

144 3186 330 3258 ostendere.
381 3187 481 3256 Haec
502 3205 563 3254 cnr
582 3208 637 3254 me
665 3186 824 3254 aNedae
843 3184 978 3254 nornine
1001 3183 1094 3274 apud
1117 3183 1259 3253 Cicero-

143 3312 221 3359 nem
233 3286 433 3379 reponendo
450 3287 639 3358 deterreant
652 3289 785 3377 potius,
811 3309 912 3374 quam
935 3286 1124 3376 perducant
1145 3284 1191 3360 ad
1213 3284 1263 3352 ile

142 3393 214 3464 lum
235 3391 446 3479 sententiam,
477 3412 547 3482 nors
570 3411 656 3480 opus
678 3389 810 3462 videtur
840 3399 877 3459 ut
897 3390 1047 3481 pluribus
1072 3387 1262 3461 ostendam..

141 3496 235 3566 lllud
251 3495 423 3578 adiiciam,
449 3494 542 3586 apud
565 3494 762 3564 Pausaniam
781 3491 1015 3585 reponendum
1039 3515 1110 3562 esse
1132 3511 1257 3558 nomen

142 3599 262 3670 bledae
277 3598 371 3668 Vlll.
393 3595 454 3684 31,
481 3598 516 3670 2.
543 3597 756 3692 πεποίηνται
781 3598 820 3669 dl
836 3594 894 3670 ἐπὶ
913 3596 1068 3692 τραπέζῃ
1084 3592 1143 3666 καὶ
1158 3584 1256 3683 νέμ-

143 3726 229 3797 φαι·
282 3702 385 3774 Νέδα
397 3699 466 3791 μέν
479 3698 555 3774 Δία
571 3693 732 3793 φέρουσά
751 3703 830 3772 ἐστι
853 3690 982 3794 νήπιον
1000 3699 1132 3772 naida:
1158 3715 1256 3774 com-

141 3813 310 3874 memorat
322 3811 433 3872 antem
446 3802 545 3872 simul
562 3823 641 3872 curn
658 3825 699 3870 ea
713 3801 931 3872 Antlnaciam
951 3809 985 3870 et
999 3801 1144 3890 Hagno,
1172 3819 1258 3885 quas

144 3907 245 3976 etiam
262 3908 322 3974 illo
342 3907 440 3991 loco,
466 3929 567 3995 quem
582 3927 682 3996 supra
695 3905 881 3989 attulirnus,
906 3903 1113 3993 nominavit!
1136 3900 1255 3991 Vulgo

26 4033 31 4039 '
143 4014 238 4090 Ναῒς
251 4010 393 4102 legitur,
418 4032 484 4100 pro
501 4025 569 4098 quo
586 4009 664 4078 cod.
686 4009 798 4100 Mose.
815 4011 939 4082 Ναΐδα
952 4006 1112 4097 praebet,
1138 4012 1256 4095 aperte

144 4135 186 4181 ex
208 4117 310 4186 Νέδα
340 4123 545 4204 corruptum.
599 4111 777 4182 Caeterum
807 4113 929 4179 siesse
955 4108 1255 4178 Nedamrmatrem

143 4215 320 4302 Musarum
343 4215 461 4305 aliquis
482 4215 709 4312 demonstrare
730 4214 839 4298 volet,
865 4212 1002 4302 debebit
1019 4211 1047 4304 is
1066 4211 1166 4282 etiam
1188 4231 1254 4281 rro-
1277 4231 1278 4238 ¹

143 4342 222 4389 men
245 4318 331 4389 illud
351 4321 398 4388 ita
414 4320 605 4413 explicare,
630 4329 668 4390 ut
680 4317 787 4412 matri
806 4315 985 4390 Musarum
996 4312 1254 4414 conveniunto
