3080 5054
427 315 693 406 amentum
719 341 776 408 uu
803 343 991 411 sunum.
1156 331 1161 346 '
1205 347 1273 413 aaa

155 510 314 613 βηθριήν
347 509 393 588 θ’
427 511 568 608 ὕπερθε
594 515 800 611 Πιμπλείαο
823 501 985 616 οκοπὴὖε
1021 516 1082 588 nbi
1106 515 1270 590 Tzeuesa

155 615 453 715 depraedareris
477 612 656 714 νύμφαις,
688 617 773 714 ἤτοι
801 627 881 705 ταῖς
911 615 1115 707 Μούσαις,Α
1134 629 1272 703 οἵτινες

91 809 96 818 ἱ
145 720 237 816 ’περὶ
259 713 327 816 τήν
343 719 552 811 Πίμπλειαο
567 720 628 793 καὶ
641 722 896 822 Λοιβηθρίοο,
921 723 981 796 καὶ
1002 718 1069 798 πᾶν
1087 717 1294 822 Βῆφοροοτ

154 821 329 896 οἰκοῦσιν.
382 823 435 890 De
451 823 570 892 iisdem
585 823 739 894 distincte
754 826 1007 898 Pausaniale.
1021 824 1083 913 34,
1097 825 1132 894 u.
1152 821 1268 919 ‹irrit-
1296 876 1298 884 ι

153 950 258 1018 ματα
289 925 327 998 dd
357 928 396 999 ἐν
426 921 527 1021 αὐτῷ
554 928 717 1000 Meuania
748 955 791 1002 το
815 930 875 1003 καὶ
904 930 1056 1024 νυμφῶν
1088 926 1268 1026 ἐπίκλησιν

153 1023 234 1100 ἐστὶ
259 1024 502 1124 Aeaeaeque.
563 1029 732 1113 Quoniam
761 1032 849 1102 enim
876 1033 1050 1123 nymphae
1078 1031 1165 1100 deae
1193 1035 1269 1114 suut

152 1128 282 1217 ubique
299 1131 457 1216 latentes,
489 1153 631 1220 quarum
649 1132 735 1202 aliae
754 1133 877 1221 fontes,
910 1136 996 1204 aliae
1005 1143 1157 1242 pontes,
1181 1131 1269 1202 aliae

152 1233 293 1300 arbores
313 1231 483 1320 habitant,
509 1235 646 1306 occulto
669 1259 783 1304 earum
808 1238 942 1307 numine
959 1238 1083 1329 conipi
1097 1234 1268 1328 putaban-

150 1343 208 1402 tur
221 1334 394 1422 homiues,
420 1338 624 1427 quicumque
642 1339 797 1408 insolenti
816 1341 929 1430 aliquo
950 1341 1051 1408 animi
1066 1349 1179 1424 motu,
1204 1360 1270 1410 cu-.

153 1437 206 1506 ius
226 1461 341 1508 caussa
359 1460 429 1506 non
450 1450 646 1531 appareret,
679 1444 773 1534 capti
794 1443 1002 1529 viderentur,
1036 1443 1094 1532 qni
1118 1434 1266 1536 ecupri-

152 1545 283 1638 ληπτοι
298 1542 510 1632 dicebantur:
535 1544 626 1612 uude
644 1545 745 1613 etiam
761 1545 900 1630 Musae,
926 1569 1069 1636 quarum
1081 1544 1201 1614 eadem
1214 1543 1271 1611 vis-

153 1651 255 1728 esset,
281 1645 505 1737 nympharum
517 1646 662 1716 nomine
681 1649 927 1742 comprehendi
945 1649 1106 1720 solebant.
1144 1647 1266 1737 Nuga-

151 1753 207 1812 tur
233 1746 279 1815 de
304 1747 373 1818 hac
395 1748 622 1841 nympharum
644 1760 812 1841 potestate
840 1775 937 1822 more
960 1774 1020 1820 suo
1040 1748 1196 1820 Hermiae
1218 1746 1265 1816 ad

137 1848 242 1918 ‘l’lat
259 1851 403 1920 Phaedr.
427 1875 462 1943 p.
478 1849 539 1921 ib.
556 1851 608 1920 87
633 1876 703 1944 seq.
724 1852 773 1922 91
794 1879 864 1946 seq.
909 1855 1031 1956 'ltaque
1047 1853 1142 1943 quod
1156 1849 1269 1922 Creu-
1387 1935 1398 1946 ,¹

151 1973 249 2020 uerus
273 1955 454 2041 existimat,
498 1955 666 2047 nymphus
689 1956 805 2028 Musas
833 1981 921 2048 esse,
960 1958 1051 2028 unde
1081 1953 1272 2038 concludit.

151 2056 248 2145 quod
269 2058 402 2147 repetiit
423 2058 524 2124 etiam
546 2058 684 2128 ad.Cio.
707 2059 812 2150 dcflN.
832 2061 883 2131 rl).
906 2084 941 2151 p.
959 2058 1046 2129 591.
1067 2062 1102 2129 b.
1123 2057 1270 2141 Maiam,

84 2173 91 2190 ·
150 2157 311 2246 quoniam
329 2158 481 2250 nympha
501 2158 562 2244 sit,
595 2183 665 2228 esse
688 2163 789 2229 etium
808 2161 962 2247 Musam,
999 2161 1038 2230 id
1055 2160 1150 2230 haud
1171 2167 1265 2227 recte
1389 2205 1393 2222 .

151 2260 350 2331 conclusum
369 2285 460 2346 esse,
486 2283 554 2329 non
578 2283 664 2352 opus
688 2271 737 2331 est
756 2272 795 2331 nt
814 2262 1050 2332 demonstrem.
1090 2260 1173 2331 sed
1195 2259 1270 2329 hu-·

150 2365 298 2433 iusmodi
322 2365 628 2433 ratiocinationibus
656 2366 800 2434 maxima
822 2386 902 2456 pars
929 2366 1042 2434 nititur
1064 2365 1134 2434 eius
1161 2385 1271 2452 quum·

150 2465 258 2536 hodie
273 2465 429 2559 plerique
444 2469 591 2557 probunt
602 2466 864 2560 mythologice„
898 2466 990 2536 Illud
1006 2468 1042 2536 iu
1055 2466 1124 2536 hac
1138 2489 1176 2535 re
1195 2487 1266 2534 nou

149 2591 288 2661 possum
311 2571 440 2638 silentio
468 2570 751 2660 praetenuittere,
788 2593 857 2639 non
880 2571 1035 2640 debuisse
1059 2570 1267 2640 Creuzerum

149 2675 186 2742 in
205 2672 313 2743 doctr.
331 2675 438 2764 symb.
455 2675 523 2742 vol.
543 2673 604 2741 111.
627 2697 664 2765 p.
680 2672 766 2742 287.
788 2697 830 2743 ex
852 2696 914 2760 eo,
940 2676 1035 2763 quod
1047 2673 1203 2764 Scaliger
1218 2669 1270 2740 ad

150 2777 290 2845 Festum
314 2776 349 2844 in
364 2799 396 2844 v.
410 2777 648 2848 corraiscmum
664 2799 706 2846 ex
718 2777 859 2868 Hygino
875 2776 1048 2869 attulerat,
1074 2800 1120 2846 ecc
1132 2775 1219 2846 Ione
1231 2781 1270 2846 er

147 2879 296 2949 Moneta
317 2879 441 2964 Maia,
477 2880 616 2968 aliquod
644 2902 723 2948 suae
741 2882 922 2951 sententiae
934 2882 1179 2950 firmamentum
1197 2900 1267 2969 pe-

148 2991 229 3052 tere.
280 2982 377 3050 Nihil
406 2983 495 3060 enim
519 2982 613 3050 aliud
634 2975 805 3074 Scaliger,
838 2984 1007 3074 qnam‘de
1032 2985 1103 3051 sola
1121 2983 1264 3063 Moneta

150 3087 321 3178 cogitans,
347 3108 411 3177 per
431 3084 673 3176 negligentiam
693 3086 806 3176 posuit
826 3086 972 3170 Maiam,
1006 3093 1111 3174 quum
1132 3083 1270 3168 Musas,

146 3211 231 3278 quas
241 3188 390 3256 nominat
404 3188 579 3277 Hyginus,
606 3187 720 3254 dicere
738 3187 855 3255 vellet
900 3189 955 3256 Ac
973 3186 1105 3276 saepius
1121 3185 1199 3271 ille,
1225 3192 1262 3254 ut

146 3291 207 3380 qni
227 3291 365 3358 nimium
386 3289 508 3356 fideret
532 3289 731 3374 memoriae,
762 3289 810 3356 ita
833 3289 962 3360 erravit
1019 3288 1124 3360 Aliud
1145 3309 1260 3360 exem-

146 3394 244 3486 plum
262 3393 350 3462 infra
369 3391 567 3462 videbimus.

248 3598 415 3669 Revertor
431 3599 477 3668 ad
490 3595 748 3690 Epicharmnm,
773 3595 819 3666 de
838 3596 930 3668 euius
942 3595 1049 3665 Musis
1067 3618 1155 3686 quae
1167 3602 1260 3664 mota

147 3708 220 3772 erat
231 3701 417 3788 dubitatio,
441 3711 572 3772 tuntum
589 3702 700 3788 abest,
725 3699 848 3785 uthis,
873 3723 960 3789 quae
976 3700 1082 3768 modo
1106 3699 1266 3789 disputa-·

146 3807 273 3889 vimus,
297 3807 428 3875 sublata
451 3806 511 3890 sit,
535 3814 574 3872 ut
589 3802 697 3896 magis
713 3811 811 3871 aucta
833 3801 1076 3870 essevideatur.
1126 3803 1215 3870 Nam
1232 3799 1262 3870 si

146 3907 226 3992 ille,
251 3909 345 3997 quod
358 3908 513 3992 nomina,
538 3925 627 3997 quae
641 3906 770 3995 posuit,
799 3905 948 4000 prodere
963 3905 1135 3990 videntur,
1159 3925 1256 3994 nym-

51 4069 54 4078 .
147 4011 236 4103 phas
256 4011 431 4082 fluviatiles
452 4011 566 4080 dicere
588 4009 711 4096 voluit,
751 4029 819 4076 non
845 4011 956 4100 potuit
976 4031 1031 4076 eas
1052 4008 1168 4076 Musas
1193 4028 1257 4075 vo·

147 4135 243 4183 caret
285 4115 365 4204 quia
390 4114 510 4182 Musae
537 4113 677 4204 quidem
705 4111 895 4203 nymphae,
934 4132 1003 4179 non
1023 4118 1137 4179 autem
1155 4111 1257 4179 etiarn

144 4215 319 4310 nymphae
330 4218 452 4286 Musae
465 4225 548 4284 sunt.
599 4216 669 4300 Sin,
685 4214 982 4303 *quemadmodum
1002 4237 1059 4282 eas
1075 4213 1257 4282 nominavit

145 4317 279 4408 Musas,
312 4320 412 4393 etiam
432 4319 575 4415 intelligi
589 4317 720 4409 Musas.
736 4317 861 4406 voluit,
900 4317 1083 4390 absmdum
1105 4316 1265 4389 edeam
