3120 5030
226 323 250 388 4
312 387 313 392 ¹
588 316 646 379 DE
670 316 981 382 Anovnnurls

226 517 249 590 η
266 488 372 588 νησοο
376 543 391 582 ,
416 483 457 588 ἦς’
475 517 519 566 το
535 517 575 566 ια
595 483 845 614 ἐκτεινόμενον
871 485 1093 587 eripiemus·
1113 485 1334 613 ιῦρέσιιιται

227 594 267 668 δέ
295 595 582 720 συνεσταλμένον
607 587 710 693 παρέ
727 598 916 693 ποιηταῖς,
948 619 994 676 ας
1023 585 1124 693 παραὶ
1152 595 1335 692 &sceptro

226 675 320 795 λέμου
349 690 575 800 συνιζῆσσαο·

329 835 367 907 έν
396 829 473 929 Δία
500 832 690 932 λασθῆμιν
709 823 1001 925 καλλιπλοκάμου
1025 824 1230 930 Ἀριάδνης.
1327 853 1329 858 ·

226 967 291 1041 Et:
316 959 500 1052 τέτισσοο·
526 963 573 1043 τέ
596 971 874 1064 υέιιτοταμένον
897 967 1068 1066 φαίνεται
1082 962 1174 1065 παρ’
1196 963 1310 1063 αὐτῷ,

327 1105 386 1188 αἲξ
399 1096 466 1180 ado
484 1097 655 1180 advocent
661 1159 675 1196 ,
701 1099 842 1188 diuisos
857 1099 928 1179 reio
948 1100 1034 1200 αἶγα
1049 1097 1180 1179 decim.

223 1240 400 1330 Numquis
418 1241 481 1308 sibi
500 1240 720 1332 persuadeat,
748 1252 898 1312 veterem
912 1241 1120 1330 doctumque
1139 1238 1335 1334 grammati·v

224 1367 303 1417 cum
323 1352 393 1412 tam
418 1346 583 1437 oonuptis
599 1343 779 1414 Theocriti
803 1345 978 1416 codicibus
999 1365 1095 1414 usum
1119 1367 1206 1430 esse,
1231 1365 1337 1433 quum

223 1467 313 1518 nunc
325 1445 379 1514 isti
393 1470 523 1533 versus,
549 1446 668 1516 1146.
689 1447 731 1516 X.
749 1447 809 1516 30.
831 1449 865 1516 in
881 1448 1034 1516 omnibus
1055 1447 1147 1516 libris
1168 1443 1337 1516 emendati
1387 1488 1396 1514 ι

222 1547 372 1620 exstent?
396 1551 494 1619 Haec
508 1550 613 1642 igitur
631 1572 698 1619 nou
714 1549 855 1619 dubium
870 1550 1001 1620 videtur
1019 1551 1100 1641 quin
1123 1549 1335 1618 additamen-

220 1662 257 1722 ta
276 1653 340 1721 sint
350 1655 576 1722 recentiorum
594 1654 906 1745 grammaticomm:
956 1656 1014 1744 qui
1029 1654 1192 1743 quaesibi
1212 1653 1247 1720 in
1267 1653 1334 1720 suis

221 1755 396 1826 codicibus
411 1758 655 1842 occurrebant,
682 1757 726 1824 ad
747 1757 935 1850 marginem
954 1758 1123 1828 Draeouei
1138 1755 1214 1824 libri
1226 1755 1336 1823 adno-

178 1869 182 1878 '
220 1859 352 1943 tabant,
378 1881 447 1947 quo
470 1860 525 1928 vel
549 1861 774 1952 corrigerent,
801 1883 889 1950 qnae
909 1859 968 1930 hic
983 1860 1138 1945 dixisset,
1162 1857 1335 1928 ueletiam

221 1962 467 2032 confirmarent
518 1961 600 2032 Hoc
615 1963 641 2030 si
655 1963 690 2030 in
703 1962 757 2030 his
777 1963 863 2033 locis
883 1964 1092 2049 factumest,
1117 1961 1200 2052 qnid
1223 1962 1336 2050 impe-

220 2063 287 2149 dit,
316 2086 385 2154 quo
406 2067 515 2159 minus
529 2065 630 2134 etiam
652 2065 774 2134 inillis
795 2067 924 2136 sactum
937 2076 1139 2151 statuamus,
1166 2064 1336 2155 inquibus

83 2247 85 2252 ³
220 2165 356 2258 Orphei
374 2169 500 2237 mentio
522 2168 586 2236 fit?
617 2159 729 2258 Atque
751 2171 1042 2262 operaepretium
1064 2177 1132 2253 est,
1164 2165 1230 2235 hos
1243 2168 1336 2258 ipsos

219 2269 317 2340 locos
341 2270 553 2342 considerare
573 2271 773 2364 diligentius.
824 2273 933 2365 Igitur
953 2272 1073 2342 Draco
1089 2293 1194 2361 quum
1216 2271 1252 2338 in
1271 2291 1354 2338 vo·-

219 2373 344 2443 oabulo
370 2376 482 2469 Θέμις
503 2375 639 2467 regulas
660 2375 878 2468 exposuisset,
911 2376 1096 2449 seeundum
1116 2391 1198 2465 quas
1213 2372 1337 2468 geniti·

218 2499 339 2547 vorum
356 2479 393 2544 in
414 2481 490 2559 ιδος
509 2478 729 2547 desinentium
749 2480 805 2546 aiii
831 2475 1110 2569 producerentur,
1145 2480 1202 2546 alii
1229 2475 1336 2546 corri-

194 2587 401 2700 dperentur,
429 2580 475 2646 ita
493 2581 624 2670 pergit:
660 2585 696 2652 οἱ
716 2579 867 2698 ποιηταὶ
894 2580 933 2652 δέ
954 2607 977 2676 η
998 2580 1252 2673 προστιθέντος
1274 2569 1336 2650 δια

219 2707 265 2753 το
292 2681 429 2802 μέτρον
452 2681 684 2754 συστέλλουσι
710 2705 753 2752 το
777 2707 813 2769 ι,
847 2684 1089 2777 ποταμηῖιλος,
1121 2682 1342 2780 πηγασηιδοο·

220 2783 384 2886 λέγοντες
398 2777 489 2856 ὅθεν
504 2779 586 2854 ιιοιΓ
591 2774 774 2880 Ορῳουο’
756 2809 794 2854 ιν
815 2777 1127 2904 Apyooaomoic‚

324 2921 536 3017 λαιψηροῖσι
551 2913 769 2992 πόδεσσιν
746 2917 836 3015 υπέρ
852 2895 1109 3013 παγασηιέος
1085 2916 1206 3009 αυτοῖς,

222 3050 349 3129 οἱντέτ
325 3079 394 3128 του
380 3051 622 3147 ’παγασέδομ
674 3054 822 3124 Easdem
841 3054 979 3148 regulas
998 3053 1117 3126 iisdem
1133 3055 1236 3146 plane
1257 3076 1335 3123 rer
1372 3125 1374 3132 .

220 3158 291 3242 bis,
332 3157 359 3226 si
388 3181 410 3224 a
435 3158 608 3228 leuissimis
637 3158 836 3247 quibusdam
870 3157 1107 3228 mutationibus
1137 3157 1335 3243 discesseris,

220 3261 393 3349 tamqnam
421 3259 495 3333 taio
523 3262 746 3357 λογιατέραν
777 3251 974 3330 sententiam
1009 3261 1145 3330 exhibet
1175 3260 1335 3328 intortio

221 3363 464 3456 grammaticae
490 3363 579 3432 libro
601 3362 835 3432 Constantinus
859 3363 1026 3448 Laccuris,
1061 3362 1167 3432 homo
1190 3363 1336 3456 diiigen-

220 3466 379 3550 tissimus,
418 3465 510 3534 cnins
530 3467 769 3587 grammatica,
804 3467 848 3535 de
882 3488 949 3555 qua
979 3467 1080 3535 etiam
1097 3465 1336 3560 praestantissi-

220 3592 315 3636 mum
329 3567 558 3637 Heereninm
549 3569 691 3658 iniquius
704 3567 854 3640 iudicare
866 3571 987 3655 miror,
1014 3572 1061 3637 ob
1074 3570 1136 3638 id
1125 3593 1236 3672 rpsum
1252 3569 1335 3662 pln-

220 3671 297 3739 rimr
285 3670 469 3740 facienda
493 3681 557 3757 est,
582 3671 677 3760 quod
690 3673 830 3740 bona
801 3695 870 3740 erus
891 3696 969 3763 pars
990 3695 1031 3742 ex
1044 3673 1232 3742 Herodiani
1247 3673 1336 3740 aiio-
1425 3677 1428 3696 '

220 3795 364 3863 rumque
387 3775 519 3865 scriptis
535 3775 833 3868 grammaticorum
849 3775 993 3846 collecta
1009 3784 1073 3844 est:
1097 3776 1335 3867 permultaque

220 3899 320 3945 mea
341 3876 572 3966 reperiuntur,
602 3899 691 3967 quac
709 3877 849 3946 totidem
871 3879 982 3948 verbis
1006 3903 1027 3946 a
1047 3878 1204 3948 Dracone
1225 3877 1334 3954 adno-

221 3987 292 4048 tata
325 3987 416 4072 suut,
461 3980 554 4048 cuius
580 3978 719 4070 quidem
747 3981 872 4050 librum
901 3983 951 4049 au'
975 3981 1150 4073 cognitrnn
1179 3980 1336 4051 habuerit

221 4081 391 4166 Luscaris,
416 4080 580 4151 incertum
602 4092 668 4168 est,
702 4105 823 4173 quum,
855 4084 916 4150 nbi
937 4085 1175 4176 grammaticos
1195 4107 1335 4154 enume-

220 4193 293 4272 rat,
318 4205 497 4278 equorum
511 4187 641 4278 scriptis
654 4184 854 4272 hauserit,
843 4205 879 4256 ιιι
896 4186 968 4255 hoc
981 4209 1125 4279 genere,
1154 4188 1249 4278 quod
1260 4210 1336 4258 me·
1456 4187 1461 4198 '

221 4296 274 4357 tra
294 4296 329 4358 et
354 4309 543 4359 mensnram
570 4277 777 4381 syliabarum
805 4289 1058 4381 complectitur,
1096 4300 1232 4386 praeter
1258 4290 1335 4361 He·
