3120 5030
19 1329 25 1340 ,
157 1207 160 1212 ’
263 1215 357 1303 DE
416 1213 755 1302 VERSIBVS
822 1209 1115 1300 SPVRIIS
1170 1200 1364 1294 APVD

323 1397 744 1491 AESCHYLVM
773 1387 1312 1540 DlssERTATloq.

236 1918 346 2030 aArs
376 1958 491 2032 critica
517 1960 563 2029 ita
584 1960 730 2031 exerceri
754 1959 963 2053 apici-imno
985 1958 1089 2046 solet,
1120 1967 1176 2047 ut,
1207 1961 1367 2050 quoniam

262 2061 368 2132 omnis
392 2063 461 2133 eius
484 2062 532 2131 vis
552 2063 586 2130 in
606 2062 776 2136 iudicandi
801 2063 949 2132 sollertia
975 2065 1196 2153 expromitur,
1236 2063 1365 2132 nullam

262 2166 331 2233 eius
351 2188 422 2234 esse
443 2165 652 2256 disciplinam
673 2167 858 2235 existimare
880 2166 1064 2234 videantur.
1116 2166 1213 2250 Quae
1237 2189 1290 2234 res
1311 2167 1366 2234 fa-

261 2268 325 2354 cit,
349 2278 403 2354 ut,
428 2269 510 2336 dum
525 2269 579 2337 vel
603 2292 736 2338 sensum
746 2269 887 2359 quisque
908 2291 1004 2338 soum
1018 2269 1075 2338 vel
1093 2269 1285 2361 opinionem
1302 2269 1365 2336 ali-

260 2393 363 2460 quam
385 2381 442 2439 aut
467 2372 741 2442 consuetudinem
758 2372 922 2462 sequitur,
961 2395 1030 2440 non
1057 2372 1184 2462 ubique
1218 2372 1303 2441 iusta
1332 2379 1366 2441 et

24 2453 31 2460 ’
177 2479 181 2486 ‘
243 2457 341 2564 ‘apta
369 2474 528 2543 medendi
555 2477 652 2544 ratio
666 2475 875 2550 adhibeatur.
932 2477 981 2545 At
1000 2475 1099 2544 huius
1124 2497 1259 2564 quoque
1287 2476 1365 2543 artis

170 2597 178 2616 ·
259 2575 344 2643 ratio
358 2577 524 2664 quaedam
540 2587 588 2645 ost
607 2599 649 2645 ac
666 2578 852 2668 disciplina,
878 2599 965 2664 quae
981 2585 1014 2644 et
1025 2575 1146 2644 modos
1166 2575 1365 2643 emendandi
1386 2615 1392 2628 ·

259 2677 422 2767 explicat,
457 2687 491 2748 et
515 2679 573 2746 ubi
599 2679 745 2771 singulis*
767 2677 892 2747 horum
915 2677 1095 2746 modorum
1125 2677 1286 2747 utendum
1313 2678 1363 2762 sit,

260 2781 442 2872 praecipit,
469 2789 503 2848 et
518 2803 692 2871 quousque
713 2804 831 2850 eorum
851 2802 928 2850 usus
946 2789 1078 2872 pateat,
1105 2778 1216 2848 docet
1266 2780 1363 2864 Quae

259 2883 373 2950 omnia
394 2901 462 2972 quo
482 2884 586 2950 maius
601 2907 702 2975 saepe
722 2885 756 2952 in
770 2882 981 2953 emendando
996 2892 1203 2953 momentum
1223 2881 1362 2968 habent,

257 2992 350 3052 tanto
371 2985 480 3077 magis
496 2987 681 3076 optandum
705 2997 771 3073 est,
794 2995 834 3054 ut
851 2985 1004 3070 exsistat,
1029 2987 1088 3075 qui
1110 3006 1245 3052 omnem
1265 2983 1363 3052 huius

258 3089 338 3157 artis
361 3089 525 3158 rationem
546 3091 747 3174 accuratius,
780 3111 880 3178 quam
907 3087 1022 3157 adhuc
1046 3088 1174 3157 factum
1198 3095 1268 3174 est,
1303 3109 1362 3156 ex-

257 3191 388 3283 planet:
424 3195 621 3282 praesertim
640 3215 743 3282 quum
761 3190 930 3276 interdum
949 3191 1049 3260 etiam
1070 3190 1256 3286 primarios¹
1272 3190 1361 3258 viros

256 3294 291 3361 in
304 3293 374 3365 hoc
391 3316 516 3384 genere
537 3317 648 3362 errare
666 3294 846 3363 videamus.
897 3295 985 3362 Nam
1010 3317 1113 3383 quum
1137 3293 1231 3360 nulla
1246 3315 1362 3361 emen-

257 3396 361 3466 dandi
384 3396 469 3463 ratio
501 3417 564 3485 per
594 3419 630 3464 se
654 3396 727 3487 ipsa
753 3395 940 3488 spernenda
961 3397 1018 3481 sit,
1058 3407 1170 3465 tamen
1195 3395 1362 3482 translata,

256 3523 325 3589 quo
350 3522 420 3568 non
444 3498 562 3586 debet,
586 3499 644 3567 vel
667 3499 824 3585 modum,
855 3499 913 3588 qui
938 3520 1075 3588 quoque
1103 3498 1181 3566 loco
1201 3498 1366 3566 tenendus

257 3611 324 3684 est,
350 3601 543 3695 eguediens,
578 3603 666 3670 obsit
691 3604 822 3694 potius,
856 3624 957 3690 quam
985 3603 1108 3693 prosit,
1139 3625 1272 3670 necesse
1301 3610 1358 3670 est

255 3701 428 3789 Moecha,
470 3704 548 3772 data
579 3706 745 3774 scribendi
774 3705 1039 3797 opportunitate,
1071 3706 1205 3774 iuvenes
1232 3704 1362 3770 littera-

255 3828 331 3873 rum
353 3808 518 3875 studiosos
547 3808 590 3876 de
623 3809 682 3875 illa
710 3819 838 3878 tantum
866 3808 1011 3894 ratione,
1057 3830 1144 3896 quae
1162 3806 1361 3897 indagandis

256 3909 376 3998 spuriis
408 3911 609 3980 continetur:
650 3910 684 3977 in
716 3934 784 3999 qua
813 3909 952 3998 quidam
984 3911 1032 3976 ita
1061 3909 1123 3976 sibi
1150 3909 1362 3999 placuerunt,
1498 3972 1501 3978 ,

256 4019 293 4080 ut
318 4010 373 4079 vix
400 4013 584 4104 quidquam
606 4012 762 4083 adversus
784 4035 901 4082 eorum
923 4011 1126 4102 suspiciones
1151 4013 1228 4080 satis
1253 4011 1362 4081 muni-

259 4195 459 4215 m

299 4309 328 4398 ι)
349 4305 436 4374 Edita
454 4321 503 4406 ιιι
523 4333 549 4372 ι.
574 4318 664 4381 1814.
