3120 5030
395 287 642 414 sunnonis·
666 351 905 415 norrenrcr
925 351 1034 414 mss.
1053 353 1077 414 r.
1203 395 1206 402 .
1248 355 1292 420 rr

180 523 283 610 nique
301 519 336 590 in
353 518 422 592 hue
443 545 498 609 re,
523 523 568 594 de
590 545 657 614 quo
675 535 764 592 nune
779 523 927 615 oglmus,
950 523 1034 613 quid
1054 521 1165 593 velent
1178 522 1293 616 Apol--

180 625 309 709 lonius,
334 625 564 696 multominus
583 625 728 717 intelligi
748 635 868 718 potest
921 625 989 711 Qui
1006 628 1034 694 si
1057 635 1128 696 erat
1140 617 1292 697 comme-

180 726 381 813 morandus,
406 749 474 795 non
489 727 546 798 hio
560 728 674 814 loom,
699 727 726 796 l.
754 725 841 803 245,
868 727 981 797 offeni
993 729 1158 815 debebat,
1183 730 1291 813 (mul-

180 839 217 898 to
239 829 328 897 enim
347 829 477 899 feeiline
504 855 606 900 uuum
629 830 821 922 Apollonii,
854 830 1093 923 corruptissimi
1113 831 1291 924 scriptoris,

179 933 297 1000 lucum
317 953 358 1000 ex
378 942 534 1022 quattuor
552 934 759 1018 Homericis,
781 951 883 1023 quum
908 933 973 1002 lros
996 955 1037 1006 ex
1060 955 1148 1019 uno,
1181 957 1293 1024 eoque

180 1033 308 1102 dubiae
332 1036 552 1121 auctoritatis,
593 1036 769 1129 Apollonii
803 1036 977 1129 corrigar)
1010 1036 1079 1104 red·
1109 1036 1169 1106 lv.
1202 1035 1289 1106 499.

179 1135 308 1205 Verum
329 1140 441 1208 nesio
460 1138 598 1226 quidem
622 1139 805 1227 quidquam
824 1139 1009 1224 efficietur,
1034 1140 1095 1208 nisi
1118 1147 1156 1207 ut
1181 1162 1291 1231 eppe-

180 1250 269 1324 rent,
300 1239 520 1331 Apollonium
535 1241 758 1312 -ooniunetivo
782 1263 878 1310 usum
906 1265 997 1324 esse,
1031 1242 1091 1310 ubi
1105 1242 1290 1311 coniuncti-

180 1341 335 1432 vns-poni
346 1342 509 1429 debebat,
534 1343 821 1433 quemadmodum
838 1344 939 1413 idem·
950 1345 985 1413 in
1002 1343 1122 1414 eadem
1144 1345 1290 1414 formula

180 1444 262 1512 alibi
275 1455 368 1513 reete
385 1446 535 1537 optativo
548 1448 658 1516 utitur.
686 1483 689 1488 ·

282 1547 395 1634 Alter,
428 1549 474 1616 de
498 1572 567 1639 quo
589 1549 736 1620 dicturus
765 1571 875 1635 erum,
904 1571 983 1620 usus
1012 1548 1155 1640 optativi
1179 1548 1206 1617 ie
1227 1558 1293 1634 eet,
1433 1595 1436 1604 ‚

159 1669 247 1738 ¹quo
269 1649 426 1740 frequens
450 1653 606 1744 repetitio
636 1655 686 1722 rei
715 1653 914 1745 praeteritae
938 1649 1118 1744 signilioori
1139 1661 1287 1744 putatur.

178 1753 220 1820 ld
235 1772 317 1820 vero
337 1773 473 1844 prorsus
493 1757 614 1826 falsum
636 1765 702 1844 est,
727 1779 790 1826 nee
809 1757 904 1845 eequi
920 1753 1013 1825 hune
1034 1777 1201 1844 errorem,
1226 1754 1292 1824 sed

177 1854 323 1924 refutare
347 1857 494 1926 debebat
514 1857 744 1932 'Phiersehiun
801 1859 890 1927 Nom
911 1859 971 1928 etsi
990 1860 1109 1950 negari
1129 1880 1197 1926 non
1218 1879 1287 1947 po-

177 1966 259 2042 test,
284 1958 344 2032 ubi
365 1960 410 2028 de
427 1982 466 2028 re
485 1963 617 2054 saepius
642 1962 784 2054 repetita
807 1983 917 2029 rermo
941 1969 1006 2047 est,
1038 1969 1109 2030 tam
1130 1961 1291 2030 crebrum

178 2083 249 2129 esse
269 2062 408 2151 optativi
430 2085 544 2150 usum,
582 2075 620 2134 ut
642 2066 806 2133 rarissima
830 2065 894 2132 rint
920 2063 1075 2156 exempla
1108 2064 1141 2135 iu
1165 2063 1289 2151 quibus

176 2163 235 2230 ille
258 2185 327 2232 non
344 2165 545 2254 invenietur,
572 2166 682 2257 (opud
706 2168 893 2246 Homerum
918 2187 985 2233 norr
1007 2167 1144 2233 memini
1170 2187 1288 2233 exeru-

176 2267 275 2355 plum
289 2277 423 2357 praeter
441 2267 484 2340 Il.
506 2298 536 2363 y.
554 2269 639 2337 221.
660 2270 695 2336 in
711 2291 780 2357 quo
801 2269 897 2359 ipso,
922 2267 987 2334 sed
1005 2268 1112 2350 mole,
1134 2267 1290 2334 nomrulli

175 2368 255 2434 libri
277 2369 461 2457 optativum
475 2369 618 2460 habent)
643 2379 756 2437 tomen
772 2391 894 2437 eonon
909 2369 1047 2458 optativi
1066 2369 1115 2436 vis
1134 2378 1201 2452 eei,
1226 2368 1290 2436 sed

175 2469 290 2554 verbi,
316 2469 406 2538 unde
425 2470 554 2561 pendet
575 2472 754 2562 optativus:
784 2469 855 2540 hoo
876 2469 964 2539 enim
989 2469 1116 2558 ulrique
1135 2469 1204 2538 tole
1228 2478 1290 2554 est,

177 2573 272 2641 utin
297 2571 372 2662 ipso
402 2572 477 2640 insit
509 2573 727 2642 diuturnitatis
758 2574 815 2642 vel
839 2571 1049 2663 repetitionis
1070 2571 1293 2670 signification·

177 2685 227 2743 est
247 2676 337 2742 euim
359 2674 560 2766 plerumque
583 2676 639 2745 vel
656 2677 913 2768 imperfectum,
944 2674 1001 2743 rel
1027 2676 1288 2766 plusquamper-

176 2778 319 2846 fectum:
353 2778 451 2845 lliad.
477 2807 510 2851 α.
533 2777 620 2846 619.
641 2777 710 2849 Od.
732 2808 765 2853 τ.
788 2777 850 2847 49.
872 2779 965 2852 ἔνθα
978 2771 1092 2875 πάρες
1111 2774 1290 2872 κοιμᾶθ’,

178 2877 242 2954 ὅτε
269 2905 336 2973 μιν
359 2875 487 2973 ylvnric'
505 2879 615 2962 ὕπνος
639 2874 766 2956 ἱκάνει.
793 2882 834 2949 ll.
861 2907 892 2952 ν.
917 2877 1003 2948 188.
1028 2878 1193 2954 πεδίονδε
1212 2873 1327 2976 νεῖρ21

177 2981 249 3054 αἰεὶ
286 2977 513 3079 τετράφαθ’,
559 2977 696 3057 ὁππότ’
737 2983 796 3058 iul
830 2976 962 3078 Τρώων
997 2977 1115 3055 ε’ΐοιεν
1143 2976 1288 3054 ἰόντων.

176 3086 230 3156 Ae
254 3084 455 3175 plerumque
481 3087 651 3156 Homerus
686 3085 936 3175 frequentativis
964 3085 1142 3152 verborum
1169 3083 1288 3152 formis

176 3187 295 3272 utitur,
325 3197 363 3255 ut
381 3187 422 3255 ll.
444 3216 477 3281 y.
501 3185 588 3256 219.
616 3184 699 3261 ἁλλ’
721 3187 786 3261 ὅτε
806 3181 850 3278 dri
873 3179 1079 3284 πολύμητιν
1106 3182 1288 3268 ἀναΐξειεν

175 3283 385 3375 Ὀδυσσεύς,
420 3285 592 3381 στάσκεν,
618 3289 770 3363 rinaldi
797 3291 922 3363 ἴδεσκε.
990 3287 1048 3390 Ad
1076 3309 1287 3388 quamnor-

175 3415 267 3459 mern
280 3393 493 3480 Aristoteles,
518 3393 623 3462 Rhet.
650 3393 694 3462 ll.
717 3391 759 3479 9,
787 3391 846 3458 ll.
872 3411 913 3460 err
938 3391 980 3460 ln
1003 3396 1033 3465 i·-
1059 3386 1146 3460 549.
1173 3389 1287 3471 affert,

177 3486 268 3574 Zeric
291 3492 361 3591 γάρ
387 3503 424 3567 οἱ
448 3491 654 3588 νεμέσασχ’,
695 3492 758 3569 ὅτ’
789 3490 959 3588 ἀμείνονι
988 3491 1086 3586 φωτὶ
1113 3485 1283 3582 μάχοιτο.

175 3597 440 3684 Frequentotiris
476 3600 511 3666 iu
535 3598 660 3666 eodem
699 3619 826 3688 genere
858 3595 961 3663 utitur
992 3592 1206 3676 Herodotus,
1245 3598 1287 3658 ut
1330 3591 1332 3596 ’

174 3699 253 3771 Vll.
279 3697 365 3768 119.
415 3700 509 3768 lloro
529 3700 686 3767 eurietum
700 3698 867 3785 iuvenies,
895 3704 930 3764 et
950 3695 1065 3779 sicubi,
1088 3695 1135 3762 itu
1161 3701 1200 3761 ut
1218 3693 1289 3760 oli-

174 3801 259 3890 quid
281 3803 450 3872 adiectum
462 3803 517 3886 eit,
542 3823 612 3890 quo
627 3800 786 3890 repetitio
798 3798 1004 3885 declaretur,
1029 3806 1070 3865 ut
1085 3797 1126 3864 ll.
1146 3825 1179 3891 ρ.
1195 3795 1283 3886 292.

174 3897 328 3978 πολλάκι
362 3932 428 3999 μιν
463 3904 633 3988 ξείνισσεν
660 3900 871 4000 Ἀρηίφιλος
903 3903 1092 3980 Μενέλαος
1124 3903 1208 3994 οἴκῳ
1243 3903 1287 3974 ἐν

174 4004 366 4103 ἡμετέρῳ,
398 4001 511 4081 ὁπότε
534 4001 741 4104 ’Κρήτηθεν
772 4013 899 4078 horno.
957 4003 1092 4072 Etenim
1113 4003 1287 4096 optativae

173 4109 271 4175 nullo
296 4109 405 4178 modo
423 4119 536 4200 potest
552 4110 785 4199 repetitionem
810 4107 980 4191 indicare,
1013 4127 1124 4196 neque
1148 4107 1183 4174 'm
1211 4103 1287 4172 istie

174 4212 258 4282 loeis
281 4214 455 4296 omnibur,
486 4233 630 4302 quorum
652 4211 789 4280 milleno
810 4207 925 4278 efferri
942 4209 982 4276 in
1004 4223 1079 4280 eum
1100 4233 1174 4278 rem
1195 4205 1289 4299 poe-s'

174 4325 261 4401 sent,
289 4316 489 4407 quidquam,
514 4315 574 4384 nisi
594 4314 982 4418 urrornlaetemnotur,
1008 4313 1217 4400 r'edr'itn,'ut
1238 4327 1279 4376 en
