3058 5046
946 85 956 132 t

398 352 641 446 unusavm
669 353 993 418 sruunlullur.
1187 357 1253 424 228

142 579 144 582 ψ
164 595 167 602 ,
236 527 402 598 Videntur
419 528 578 598 aditores
598 529 764 612 voluisse,
790 535 828 596 ut
846 525 905 598 hi'c
928 495 1016 597 liber
1033 547 1167 597 omnem
1184 527 1249 596 liu·

134 655 224 725 guae
245 633 424 717 Graecae,
449 655 537 720 quae
558 633 692 720 antiqua
713 640 747 700 et
762 631 962 722 incorrupta
979 601 1138 700 habenda
1154 640 1250 722 esset,
1352 714 1353 722 ἵ

134 737 324 804 ubertatem
364 757 467 824 quarn
504 735 756 826 diligentissime
789 735 993 824 explicatam
1023 733 1252 824 comprehen-

135 840 241 910 deret.
307 837 367 908 Ad
395 861 472 906 euru
501 839 605 906 linem
638 847 797 926 quattuor
824 837 1034 928 potissimum
1063 860 1116 905 res
1148 846 1252 924 erant,
1345 857 1346 862 ¹

29 971 30 978 ¹
135 965 222 1032 quae
243 941 337 1032 quod
358 943 393 1010 iu
416 941 612 1025 Thesauro,
639 963 741 1029 quem
756 941 949 1032 Stephanus
964 939 1089 1025 edidit,
1116 939 1253 1009 deside-

133 1054 265 1130 rantur,
291 1044 475 1135 praeoipua
496 1068 577 1116 cura
591 1044 805 1136 indigebant:
829 1045 995 1136 primum,
1020 1052 1058 1112 ut
1071 1042 1254 1111 adderetur

134 1151 252 1240 ingens
274 1149 376 1238 copia
395 1149 658 1231 vocabulorum,
702 1169 790 1235 quae
813 1150 868 1217 vel
893 1149 928 1216 in
950 1147 1021 1215 aliis
1044 1147 1161 1216 lexicis
1184 1146 1252 1214 ianr

133 1253 281 1342 reposita
301 1259 394 1335 sunt,
427 1252 484 1320 vel
506 1249 621 1320 adhuc
642 1251 677 1317 in
700 1251 855 1320 omnibus
881 1245 1016 1331 desunt;
1056 1249 1252 1334 secundum,
1276 1321 1279 1336 ,

134 1349 173 1424 ut
197 1362 230 1424 et
251 1364 452 1446 augerentur
479 1378 537 1438 ea,
578 1375 665 1442 quae
688 1355 796 1422 minus
820 1353 922 1444 plene
942 1355 1106 1444 explicata
1130 1377 1151 1422 a
1172 1354 1252 1422 Ste-

133 1457 252 1549 phano
274 1466 397 1542 esseut,
432 1466 467 1526 et
488 1457 754 1548 corrigerentur,
786 1478 874 1546 quae
895 1457 1002 1525 minus
1030 1466 1123 1526 recte
1145 1456 1252 1537 dicta3

133 1553 288 1646 tertium,
325 1568 362 1629 ut
387 1561 642 1651 explanarentur
664 1560 737 1644 illa,
780 1583 869 1649 quae
891 1569 1057 1630 certarum
1079 1559 1251 1628 doctrina-

133 1687 211 1733 rum
233 1663 372 1754 propria
397 1672 487 1748 sunt,
526 1686 641 1732 earum
661 1665 881 1753 praesertim,
908 1689 930 1733 a
955 1665 1075 1753 quibus
1097 1664 1251 1756 plerique

132 1767 396 1859 philologorum
426 1765 601 1835 alieniores
631 1789 702 1836 esse
726 1767 854 1852 solent,
889 1776 926 1835 ut
949 1791 1184 1858 quaecumque
1205 1765 1251 1834 ad
1342 1841 1343 1849 χ

133 1895 187 1940 res
200 1871 443 1955 arithmeticas,
469 1870 709 1962 geometricae,
735 1873 990 1957 astronomicas,
1013 1871 1180 1957 medieas,
1206 1869 1253 1938 ad
1277 1895 1278 1902 ¹

135 1973 345 2059 animalium,
372 1963 558 2059 arborum,
575 1975 777 2060 herbarum,
806 1976 961 2065 lapidum
983 1984 1115 2043 naturas
1137 1985 1171 2044 et
1190 1996 1252 2043 ra·

133 2077 285 2164 rietates,
312 2076 357 2144 ad
372 2077 646 2167 philosophiam,
673 2076 820 2166 denique
839 2080 884 2146 ad
900 2079 1155 2170 grammaticam
1170 2069 1253 2167 per-

132 2181 255 2258 tineut3
284 2187 457 2269 quartum,
493 2179 589 2267 quod
612 2201 715 2270 aegre
734 2202 840 2269 quum
861 2182 897 2247 in
918 2181 1101 2273 Stephani,
1127 2189 1199 2247 tum
1217 2180 1253 2246 in

135 2283 274 2356 caeteris
297 2283 412 2352 lexicis
433 2281 658 2366 desideratur,
687 2293 724 2349 ut
746 2282 972 2353 indicarentur
987 2305 1161 2350 mensurae
1183 2281 1252 2371 syl-

133 2387 311 2472 labarum,
336 2407 423 2473 quae
443 2407 549 2473 quum
563 2384 699 2452 ornnino
720 2407 789 2452 nou
813 2387 877 2453 sint
898 2385 1144 2476 negligendae,
1168 2392 1252 2468 tum,

133 2489 295 2580 quoniam
315 2509 381 2579 pro
405 2486 558 2556 dialectis
579 2487 814 2578 scribendique
833 2489 1014 2580 generibus
1030 2487 1172 2555 mirifice
1190 2509 1253 2554 va-

132 2594 252 2676 riant,
274 2591 478 2682 singularem
510 2591 724 2679 requirebant
750 2591 785 2658 in
813 2590 1006 2660 adnotando
1030 2590 1251 2684 diligentiam.

133 2696 198 2764 His
212 2694 313 2768 rebus
329 2716 398 2782 quo
419 2695 524 2762 modo
542 2702 576 2761 et
593 2717 658 2784 per
675 2717 759 2783 quos
775 2698 921 2783 maxime
935 2695 1023 2764 viros
1043 2693 1253 2785 providerint

132 2799 311 2883 Editorcs,
348 2797 449 2866 valde
474 2798 629 2867 dolemus
652 2807 722 2866 non
743 2822 813 2866 esse
834 2799 1026 2872 indicatum.
1083 2799 1131 2868 Et
1163 2797 1251 2866 illud

136 2900 294 2990 quidem,
327 2901 423 2989 quod
445 2911 655 2992 postremum
675 2902 937 2992 nominavimus,
971 2925 1160 2972 anemurum
1181 2902 1248 2991 syl-

133 3005 306 3090 labarum,
331 3005 518 3096 neglexisse
540 3005 697 3074 Editores
712 3006 876 3075 ridentur.
927 3009 1049 3095 Neque
1068 3007 1120 3074 illi
1137 3005 1171 3070 iu
1186 3024 1251 3071 no-

134 3108 279 3177 minibus
301 3109 449 3199 propriis
472 3119 540 3197 qua
563 3111 694 3178 ratione
718 3110 769 3176 usi
791 3113 874 3195 sint,
902 3109 1073 3196 dixerunt,
1106 3130 1251 3196 quorum

133 3233 307 3302 perpauca
330 3212 608 3280 commemorauit
627 3210 828 3312 Stephanus.
887 3213 952 3295 At,
977 3221 1014 3284 ut
1030 3233 1092 3278 uos
1113 3210 1251 3299 quidem

135 3315 355 3399 arbitramur,
389 3314 478 3382 haec
505 3313 642 3382 minime
664 3313 813 3381 omnium
832 3314 1040 3408 negligenda
1059 3323 1150 3399 suut,
1182 3336 1251 3382 nou

135 3418 246 3485 solum
266 3425 407 3509 propter
432 3418 575 3502 formas,
602 3439 684 3506 quas
703 3418 760 3485 rel
776 3419 870 3510 ipsa,
896 3419 952 3488 vel
972 3420 1071 3488 etiam
1094 3440 1181 3506 quae
1206 3417 1251 3484 ab

134 3521 175 3588 iis
189 3520 398 3606 derivantur,
423 3521 524 3589 valde
538 3521 776 3590 memorabiles
801 3523 949 3605 habeut,
974 3521 1035 3589 sed
1058 3521 1160 3588 etiam
1173 3518 1267 3606 quia
1296 3595 1298 3600 ,

134 3647 260 3715 magna
274 3645 353 3714 pars
365 3621 491 3692 horum·
504 3624 677 3692 nominum
691 3624 798 3715 longe
821 3624 1044 3712 antiquissima
1065 3631 1140 3690 sunt
1157 3629 1253 3690 vete-

135 3727 180 3794 ris
203 3727 414 3807 Graecorum
438 3728 576 3819 linguae
609 3735 835 3794 monumenta.
886 3727 1044 3795 Debebat
1065 3733 1187 3813 autem,
1207 3723 1252 3792 ad

134 3827 224 3898 haec
246 3852 311 3920 pro
339 3819 506 3898 hodierno
529 3838 617 3898 statu
640 3827 854 3922 philologiae
881 3829 951 3902 hoc
974 3831 1128 3920 quintum
1151 3849 1252 3896 acce-

135 3932 239 4016 dere,
270 3941 309 4001 ut
332 3933 367 4002 in
389 3934 527 4026 siugulis
547 3933 721 4005 uocabulis
744 3934 847 4002 etiam
865 3935 928 4003 viri
947 3935 1059 4018 docti,
1086 3929 1145 4020 qui
1170 3955 1253 4022 pas-
1360 3925 1364 3952 ¹

135 4035 198 4104 sim
222 4034 258 4101 iu
288 4036 418 4127 scriptis
438 4038 503 4108 suis
532 4063 572 4107 ea
593 4038 846 4128 explicuissent,
886 4038 942 4106 rel
972 4034 1117 4125 aliquid,
1157 4036 1252 4124 quod

136 4151 264 4231 operae
276 4140 423 4229 pretium
439 4149 543 4227 esset,
570 4140 615 4208 de
638 4142 676 4208 iis
693 4141 926 4230 protulissent,
957 4141 1141 4232 diligenter
1154 4162 1253 4210 com-

135 4250 415 4332 memorarentur,
449 4265 537 4332 quo,
568 4244 709 4332 quaein
732 4245 810 4333 ipso
830 4244 940 4313 lexico
968 4245 1083 4314 locum
1110 4265 1179 4312 uon
1198 4243 1252 4308 in-

135 4347 302 4437 venirent,
327 4347 489 4433 lectores,
514 4344 605 4416 unde
620 4355 738 4438 petere
754 4346 936 4436 deberent,
961 4357 1099 4440 possent
1118 4366 1252 4439 oogno-
