3120 5030
389 357 622 426 εειιιοειε
646 357 878 424 notrorum
904 334 1012 429 orss'.
1038 364 1062 428 ι
1244 371 1289 438 ιι

180 521 329 615 νάνεον,
356 521 475 653 καλήν
485 557 528 604 τε
543 525 734 630 τράπεζαν,
760 527 835 634 πάρ
849 529 889 609 ot
903 535 1065 618 rinae·
1022 563 1151 630 οινσισ,
1176 546 1286 634 πιεῖν,

180 630 244 706 ὅτε
266 625 425 726 δυμάς
400 626 543 727 ανάρσι.
595 635 812 728 significatur
829 638 918 707 enim
932 642 1096 735 poculum
1116 665 1157 712 eo
1175 654 1288 716 mente

179 735 389 826 appositum,
419 743 474 821 ut,
511 737 647 824 quando
669 739 788 826 veliet,
821 740 960 814 biberet.
1021 742 1128 812 Sed
1118 767 1152 812 ιιι
1174 748 1289 839 [πίσεα

179 837 258 906 Ιοοο
281 860 369 926 quoe
393 838 619 930 praecedunt,
651 841 734 960 πάρι
752 842 821 935 μάν
844 868 884 916 σε
909 842 974 916 τίω
1000 844 1171 936 Δαναάν,
1197 845 1288 944 η’μδν

179 943 233 1014 ε’νι
224 938 438 1036 πτολέμῳ,
465 937 567 1037 η’δ’“
548 969 587 1016 εν
614 939 734 1032 outo,
767 941 832 1018 ὅτε
852 945 920 1041 πέρ
946 971 989 1021 τε
1011 941 1201 1068 γερούσιον
1224 953 1288 1024 αἴ-

179 1051 284 1115 θοπα
312 1038 412 1116 οἶνον
440 1038 617 1139 Λργείων
641 1051 677 1118 οἱ
704 1044 850 1140 άριστοι
877 1046 929 1121 ἑνὶ
953 1049 1125 1146 κρητῆρσι
1152 1054 1287 1148 νέρων-

179 1171 263 1229 παι,
289 1152 445 1236 apparet,
467 1146 713 1216 coniunctivum
730 1147 876 1234 habere,
910 1149 1058 1239 quiores
1080 1173 1148 1220 non
1166 1175 1207 1222 ex
1226 1177 1289 1226 ou-

178 1245 331 1334 iusquom
359 1247 563 1339 cogitatione
584 1273 742 1342 suspense
764 1258 821 1318 est.
872 1250 1023 1335 Quod
999 1275 1026 1320 ει
1049 1253 1083 1320 in
1105 1255 1224 1324 eadem
1249 1279 1288 1326 re

179 1369 210 1416 .
179 1347 319 1416 944.
342 1351 527 1440 optativum
548 1352 757 1439 videmus‚'
747 1373 775 1422 ιι
794 1354 968 1442 quomodo
996 1355 1212 1445 explicandus
1235 1359 1287 1446 sit,
1403 1384 1410 1396 ·

178 1449 264 1520 infra
298 1451 439 1524 dicetur.
503 1454 576 1523 Sed
601 1455 786 1527 accuratius
807 1455 975 1544 quaedam
999 1478 1041 1580 ρι
1064 1456 1135 1528 hoe
1160 1483 1287 1589 ²gerpre

178 1554 434 1625 consideremus.
503 1554 623 1629 οι1.σ
624 1556 747 1625 ..141
781 1553 870 1677 μηδ’
907 1552 1115 1641 ἀντιάσειας
1151 1561 1286 1660 ειιεάνφ,

179 1651 318 1732 ὁππότε
337 1651 532 1756 νοστήσειε.
575 1654 798 1757 Νσὸπήσῃ
772 1682 800 1727 s1
823 1659 965 1746 diceret,
1003 1681 1075 1730 esse
1101 1663 1287 1734 rediturum

177 1759 336 1850 Vlyssem
352 1760 528 1832 indicaret.
556 1784 663 1847 nuno,
688 1763 836 1853 optativo
857 1785 952 1847 usus,
977 1763 1139 1832 incertum
1157 1766 1300 1868 reddit,
1289 1776 1332 1840 lt
1441 1799 1445 1808 ’

177 1883 220 1930 an
243 1865 284 1932 sit
309 1864 490 1936 rediturus.
522 1874 560 1933 ut
579 1888 606 1933 ιι
595 1865 728 1986 plene
747 1864 817 1937 hoo
840 1867 922 1935 velis
943 1866 1144 1956 exprimere,
1170 1853 1300 1940 dioen-

177 1964 258 2033 dum
274 1967 334 2052 sit,
360 1990 464 2059 quom
477 1968 638 2053 redieris,
662 1990 693 2038 ει
686 1967 852 2040 redibit.
903 1968 962 2039 Sic
977 1995 1015 2042 π.
1037 1967 1122 2037 991.
1144 1999 1183 2064 φ.
1199 1971 1285 2042 191.

176 2093 198 2164 η
190 2064 310 2141 δέ’
274 2096 294 2141 ιι
325 2070 449 2143 ἔπειτα
464 2064 634 2166 γήμαιθ,
661 2069 699 2152 ὅς
714 2098 773 2145 ιιεν
789 2075 939 2144 πλεῖστα
954 2064 1084 2162 πάροι,
1109 2072 1169 2146 ιιαι
1185 2069 1286 2172 μόρ-

176 2194 281 2262 σιμος
295 2173 410 2246 otono.
436 2179 472 2264 β.
494 2168 580 2241 335.
610 2199 647 2245 π
664 2170 750 2257 385.
773 2167 932 2292 ρίνῖαδ’
954 2198 1045 2246 αντε
1057 2199 1193 2248 τουτον
1196 2202 1325 2304 μη-

175 2273 255 2393 τάρι
277 2275 449 2363 δοῖμεν
427 2301 540 2362 εχειν,
567 2270 672 2371 ἡδ’
649 2301 743 2357 ocur
760 2270 894 2348 ὀπυίοι.
919 2275 1080 2350 Alitero.
1098 2273 1159 2345 29.
1172 2274 1287 2356 αἷσδα

174 2366 266 2467 γάρ,
294 2373 368 2454 οἶσε
383 2368 502 2464 θαμάε
514 2373 566 2447 ἐνὶ
579 2370 753 2493 στήθεσσι
773 2369 954 2466 γυναικός·
979 2373 1098 2448 ιιιίνον
1113 2371 1288 2468 βούλεται

177 2501 278 2548 οινσν
303 2467 484 2568 ὀφέλλειν,
515 2473 554 2556 6c
571 2502 632 2548 νιεν
655 2471 796 2549 ὀπυίοι.
832 2476 892 2545 ubi
913 2497 1018 2565 quum
1039 2477 1085 2544 de
1115 2499 1155 2545 ea
1177 2501 1287 2550 sermo
1390 2492 1392 2504 '

176 2576 233 2660 sit,
260 2597 348 2666 quae
369 2600 407 2644 re
428 2599 505 2646 rere
527 2575 655 2646 habeat
674 2579 863 2660 maritum,
854 2573 981 2674 ·ὀπνιή
999 2579 1159 2669 seriptum
1180 2585 1287 2672 opor-

164 2679 277 2747 tebat
329 2679 531 2769 Frequentior
551 2689 626 2748 sunt
648 2680 745 2766 talio,
770 2688 808 2750 ut
828 2680 869 2749 ll.
890 2701 929 2773 ψ.
946 2652 1032 2750 494.
1059 2707 1117 2754 ιιαι
1110 2679 1168 2758 δ’
1189 2682 1285 2807 drap

177 2781 395 2873 νεμεσᾶτον,
423 2779 500 2863 ὅτις
517 2777 676 2856 τοιαῦτά
697 2811 737 2874 με
757 2785 871 2906 ράζοι.
896 2779 964 2851 od
989 2811 1023 2856 α.
1039 2781 1151 2852 41.
1123 2812 1168 2866 oc
1193 2780 1287 2860 άπά-

177 2885 279 2956 λοιτσ
302 2910 360 2956 ιιαι
383 2882 507 2974 ἄλλος,
541 2882 619 2965 ὅτις
639 2878 797 2958 τοιαῦτά
815 2910 855 2977 με
880 2885 986 2982 ῥεἭζσι
1038 2885 1109 2954 Sed
1133 2887 1178 2954 ed
1199 2889 1286 2958 111οι1

175 2986 286 3076 primo
314 2987 476 3076 adspectu
503 2986 655 3056 nonnihil
683 2986 853 3072 offendas,
890 2985 1014 3073 οι1.ζ.
1046 2985 1222 3068 meat.
1249 2987 1286 3064 δ’

177 3085 264 3184 άλλρ
282 3089 434 3181 νεμεσῶ,
467 3087 545 3209 ἥτις
565 3083 723 3162 τοιαῦτά
745 3117 786 3182 γε
807 3086 970 3211 ῥε’ζοι,“
946 3115 992 3184 ηπ
998 3085 1156 3186 σίάιιητι
1173 3089 1287 3185 ριλων

177 3183 315 3287 πατράς
335 3188 394 3262 ιιαὶ
414 3185 552 3287 μητρός
572 3185 705 3266 δόντων
720 3185 873 3285 ἀνδράσι
893 3188 1082 3286 με’σμηπαιε
1107 3215 1186 3262 nom
1197 3215 1286 3283 quoe

86 3313 89 3316 ·
176 3290 293 3360 addita
308 3296 398 3376 siout,
423 3293 560 3360 nihil
528 3315 588 3360 οισι
578 3293 772 3383 explicant
787 3293 922 3383 priore,
944 3303 981 3360 ut
996 3293 1087 3362 idem
1101 3296 1196 3364 verbi
1208 3316 1288 3364 mo-

175 3393 239 3462 dus
254 3395 406 3464 rideatur
419 3395 629 3464 adhibendos
650 3395 760 3468 fuisse.
811 3393 928 3464 Nihilo
949 3395 1055 3465 minus
1069 3398 1181 3464 omnio
1194 3405 1288 3466 reete

174 3496 276 3568 dioto.
327 3499 415 3566 Nam
436 3500 528 3588 prius
546 3498 633 3566 illud
654 3509 693 3566 ut
707 3520 843 3589 prorsus
856 3499 1019 3567 incertum
1034 3501 1189 3588 ponitur:
1212 3507 1286 3568 tum

174 3599 237 3668 iilo
249 3601 379 3691 posito,
404 3603 552 3689 reliqua,
577 3610 615 3670 ut
633 3600 711 3669 inde
733 3599 814 3670 ver'e
833 3609 1096 3686 consequamur,
1121 3622 1185 3691 per
1202 3595 1287 3670 o'on·

175 3704 358 3774 iunetivum
382 3703 596 3772 adiiciuntur:
630 3701 723 3790 quod
742 3711 920 3789 utrumque
942 3701 1143 3771 Germanice
1166 3701 1213 3770 sio
1231 3702 1285 3772 di-

176 3824 249 3875 cos:
273 3827 372 3874 ιοοπιι
396 3806 472 3874 eine
492 3807 562 3874 άαε
582 3804 670 3873 tiron
689 3803 830 3888 home,
855 3803 929 3872 ιιπά
940 3825 1064 3896 gegen
1079 3804 1149 3872 den
1169 3804 1287 3875 σοι’λλεπ

176 3907 246 3976 der
268 3907 412 4001 ilm'gen
435 3908 547 3976 einem
573 3929 702 3976 manne
723 3905 858 4000 folgie
908 3906 1016 3974 Porro
1042 3915 1134 3975 recte
1156 3907 1288 4026 positus

175 4011 369 4100 optativus
360 4034 394 4078 ιιι
414 4009 486 4096 hio,
511 4010 607 4078 Iliad
631 4038 658 4084 ι
681 4009 766 4077 994.
788 4009 855 4083 νῦν
875 4002 996 4103 μάρχ’
1012 4004 1166 4138 Ειιτορ
1179 4014 1286 4097 ἕλοις,

175 4111 303 4186 επε1
278 4140 324 4187 αν
349 4107 448 4207 μάλα
469 4141 532 4186 τοι
556 4105 683 4203 σχεδδν
705 4113 820 4186 ελδσι.
848 4137 881 4183 τ.
903 4107 1001 4190 299.
1012 4109 1078 4185 νῦν
1093 4110 1164 4204 μὲν
1187 4105 1287 4184 ἄνοι’-

174 4233 280 4307 μσιμε
319 4215 545 4308 πτολεμίζειν
585 4213 664 4294 οἶαι
692 4209 850 4302 Ἀχαιῶν
883 4208 1051 4309 νήστιας,
1089 4205 1286 4338 άιιμήνρσι·

175 4345 253 4410 αμα
277 4313 315 4389 δ
336 4313 440 4412 ηἐλίῳ
467 4309 665 4390 καταδύντι
688 4308 882 4398 τεύξεσθαι
906 4317 999 4410 μέγα
1022 4307 1171 4406 δόρπον,
1197 4307 1287 4409 επήν

226 4417 444 4490 1111111.οι
470 4419 515 4485 11.
1067 4416 1098 4484 C
1220 4504 1224 4514 1
