3078 5026
521 327 839 428 orssnnrarro
868 365 907 429 n.
1207 361 1280 431 141'

154 538 245 606 enim
266 544 435 607 matronas
453 535 595 630 totidem
617 537 761 606 famulas
773 536 959 606 habuisse.-
995 537 1043 605 At
1057 535 1129 608 hoc
1141 536 1287 628 singu·

153 641 226 710 lare
245 649 313 726 est,
338 642 502 730 uniusque
517 643 694 734 proprium
712 639 929 733 tragoediae,
953 660 1022 707 nou
1051 648 1089 708 ut
1116 661 1268 709 comme·

152 745 279 812 morari
300 747 473 832 tamquam
500 745 657 813 usitatum
685 745 845 836 potuerit.
902 743 981 812 Non
1011 743 1153 812 certiora
1183 751 1295 828 sunto

22 915 23 918 ,
154 851 336 938 quaecum
351 858 542 930 moverunt,
568 861 605 914 ut
624 849 704 916 alibi
725 847 818 940 apud
839 845 1039 937 Euripidem
1062 843 1186 914 choros
1196 845 1270 912 ’ΧΠ

154 972 380 1042 personarum·
397 949 534 1018 inveniri
558 951 720 1022 crederet.
781 951 869 1018 Nam
891 957 929 1016 ut
948 949 1119 1018 'concedat
1139 947 1270 1035 aliquis,

152 1075 254 1146 posse
274 1052 439 1142 quosdam
456 1053 552 1121 locos
568 1077 587 1120 a
605 1053 789 1122 duodecim
804 1052 955 1144 personis
976 1051 1093 1120 ordine
1114 1051 1281 1120 recitatos⁴

154 1155 286 1242 videri,
308 1157 342 1222 a't
365 1155 444 1224 inde
464 1179 533 1224 non
556 1156 728 1240 efficitur,
751 1178 820 1223 non
842 1154 1269 1247 plures'fuisse'personas‚

153 1259 353 1348 qualel,
379 1281 484 1347 qunm
498 1260 666 1348 quaedam
686 1259 787 1326 etiem
808 1267 921 1326 tacere
941 1259 1122 1349 potuerint.
1175 1255 1276 1342 Quid·
1378 1327 1387 1334 ,

152 1384 253 1446 vero,
295 1361 323 1430 si
346 1359 419 1432 hoc
439 1370 548 1430 totum
569 1383 638 1429 non
662 1371 712 1429 est
734 1362 928 1451 probabile,
963 1359 1107 1452 chorum
1130 1359 1173 1428 ab
1200 1359 1270 1428 So·-

150 1463 282 1556 phocle
299 1487 320 1530 a
336 1464 401 1532 XV
419 1460 569 1555 personis
585 1465 629 1533 ad
645 1465 712 1534 Xll
730 1465 906 1533 redactum
920 1485 1001 1546 esse,
1026 1463 1076 1530 uti
1088 1461 1267 1532 Boecldri-
1383 1499 1385 1508 ι

151 1590 190 1636 us
212 1590 291 1637 cum
312 1565 460 1653 Bothio,
494 1591 597 1658 quem
623 1591 667 1636 ne
692 1567 751 1637 hic
780 1567 919 1657 quidem
954 1567 1072 1634 audire
1107 1565 1276 1651 debebat,—

152 1659 362 1762 suspicetur?
379 1672 499 1758 ,Nam,
525 1673 563 1738 ut
581 1671 699 1763 paullo
720 1679 796 1739 ante
820 1670 1031 1755 dicebamus,
1055 1667 1164 1738 multo
1181 1668 1268 1737 laci-

150 1773 217 1841 lius'
239 1773 478 1860 Athenienses,
509 1775 571 1842 illo
593 1775 732 1864 quidem
758 1797 866 1858 aevo,
899 1772 1023 1865 augeri·
1048 1772 1267 1864 splendorem

152 1873 267 1965 chori,
294 1900 396 1966 quam
413 1877 517 1946 minui
540 1879 629 1970 passi
648 1886 764 1947 essent
815 1877 901 1947 Hoc
917 1878 1006 1946 enim
1022 1885 1115 1944 recte
1131 1884 1274 1966 poterat

150 1979 282 2066 facere,
308 1981 513 2071 quipopulo
536 1982 679 2072 placere
696 1981 815 2062 vellet3
839 1981 945 2066 illud,
971 1980 1030 2069 qui
1044 1981 1152 2047 nollet
1168 1980 1274 2046 amit·

150 2090 221 2151 tere
233 2083 426 2166 victoriam,
451 2106 520 2150 non
540 2082 686 2153 debebat
710 2083 847 2152 audere.
874 2083 989 2166 Quare
1006 2083 1100 2172 quod
1123 2084 1269 2172 scriptor

150 2185 238 2255 vitae
261 2184 445 2276 Sophoclis
469 2194 503 2253 et
524 2186 646 2254 Suides
666 2187 815 2270 tradunt,
841 2185 908 2252 XV
928 2181 1082 2254 chorieas
1106 2205 1266 2274 personas

124 2280 322 2356 «instituisse
349 2288 599 2380 Sophoclem„
621 2288 727 2377 quum
753 2296 850 2355 antea
870 2288 937 2355 Xll
964 2286 1266 2373 introducerentur,

147 2401 281 2478 tantum
303 2391 415 2475 abest,
455 2399 494 2457 ut
509 2381 715 2483 'permutatis
740 2390 953 2457 librariorum
982 2411 1096 2457 errore
1120 2391 1270 2456 numeris¹

149 2494 220 2562 dici
246 2492 436 2583 putandum
458 2493 514 2578 sit,
550 2501 588 2560 ut
610 2494 742 2583 potius,
781 2493 808 2560 si
837 2491 1040 2561 contrarium
1059 2491 1211 2559 dicerent
1228 2490 1267 2559 hi

87 2631 95 2640 ⁵
145 2597 351 2686 scriptores,
388 2597 632 2687 permutatione
661 2617 877 2664 numerorum
913 2593 1115 2683 emendandi
1147 2603 1270 2663 essenti

150 2699 366 2787 Quamquam
390 2723 459 2767 uon
484 2708 570 2791 puto
600 2721 658 2766 eos
682 2699 773 2766 omni
798 2721 840 2767 ex
866 2686 963 2789 parte
983 2721 1101 2767 verum
1119 2699 1265 2768 tradere.

149 2803 255 2887 Nam,
282 2803 309 2869 si
333 2812 424 2871 recte
445 2803 569 2888 sentio,
595 2803 765 2891 aliquanto
781 2811 856 2870 ante
873 2800 1087 2900 Sophoclem
1103 2801 1265 2872 chorusa

149 2903 214 2972 Xll
237 2905 385 2995 personis
406 2905 451 2973 ad
471 2900 540 2974 XV
562 2915 678 2976 auctus
709 2914 775 2973 est:
812 2929 915 2998 quam
941 2907 1158 2975 mutationem
1186 2909 1264 2995 qui·
1390 2965 1394 2978 ,

149 3005 229 3075 dam
252 3007 422 3100 Sophocli
445 3009 645 3096 tribuerunt,
680 3008 774 3100 quod
797 3008 890 3078 hunc
912 3010 1058 3100 plurima
1077 3010 1264 3076 novassein

147 3133 186 3178 re
201 3112 332 3202 tragica
352 3112 565 3203 accepissent.
618 3113 779 3180 Similiter
801 3114 935 3203 tertium
958 3121 1107 3182 actorem
1129 3112 1264 3179 fuerunt

137 3212 208 3306 'qui
224 3214 269 3280 ab
289 3214 462 3304 Aeschylo
484 3215 666 3282 institutum
687 3215 851 3301 dicerent,
877 3224 914 3282 ut
928 3215 1107 3283 ostendunt
1117 3214 1261 3284 Themi-

148 3316 229 3384 etius
252 3326 334 3385 orat
349 3317 473 3386 XXVI.
488 3340 524 3408 p.
539 3315 625 3384 316.
649 3326 684 3385 et
700 3317 842 3408 scriptor¹
863 3319 952 3387 vitae
974 3318 1137 3408 Aeschyli
1152 3321 1188 3386 iri
1206 3317 1261 3385 ed.
1377 3327 1378 3330 ’

147 3419 295 3493 Roborb
317 3443 353 3511 p.
376 3419 434 3488 11.
450 3421 532 3490 etin
551 3421 629 3494 cod.
645 3421 763 3513 Guell.
786 3444 890 3512 quum
909 3423 982 3508 alii,
1009 3419 1264 3491 commemorati

147 3545 169 3590 a
188 3522 368 3594 Boeckhio
382 3548 418 3616 p.
432 3520 493 3591 45.
512 3525 558 3591 ab
571 3519 750 3614 Sophocle
763 3525 800 3608 id
814 3526 942 3595 factum
958 3525 1114 3606 reserant,
1140 3522 1262 3612 quibus

147 3624 324 3696 addendus
343 3629 390 3694 est
408 3650 448 3694 ex
469 3626 591 3694 eadem
611 3626 773 3714 Aeschyli
792 3628 859 3693 vita
880 3625 1107 3695 Dicaearchus
1129 3625 1245 3694 Messe

146 3728 228 3796 nius.
281 3729 352 3797 Sed
367 3730 435 3797 sive
454 3729 664 3819 SophocleS,
690 3729 759 3796 sive
780 3728 862 3796 alius
879 3715 1047 3796 ante'eum
1068 3728 1260 3820 aXleer-

147 3831 235 3900 sonis
250 3832 295 3899 ad
311 3832 376 3900 XV
392 3834 483 3928 auxit
497 3831 657 3917 chorum,
684 3829 772 3900 haec
793 3854 929 3925 qpoque
950 3825 1004 3900 res
1025 3829 1150 3899 refellit
1164 3833 1260 3900 istam

144 3933 296 4018 Pollucis
312 3935 355 4031 de
370 3935 401 4004 L
419 3935 529 4005 Furiis
550 3934 710 4004 labulam.
760 3937 847 4021 ¹(puis
862 3936 949 4004 enirn
969 3935 1031 4002 sibi
1048 3935 1261 4026 persuadeat,

147 4035 292 4107 chorum
309 4037 413 4106 modo
431 4063 452 4106 a
471 4039 538 4107 Xll
558 4039 707 4129 personis
727 4040 771 4106 ad
792 4039 876 4125 XV,
902 4039 1058 4128 adeoque
1080 4039 1125 4106 ad
1144 4040 1176 4109 L
1197 4064 1260 4110 auuv

143 4133 241 4234 geri,
266 4140 372 4208 modo
391 4165 522 4211 rursum
545 4137 589 4208 ad
609 4141 675 4210 XV
687 4141 791 4209 minui
808 4141 986 4233 potuisse?
1010 4143 1120 4211 Immo
1138 4145 1220 4212 talia
1237 4157 1260 4210 b

142 4239 330 4312 ‘minoribus
352 4242 450 4310 initiis
476 4265 557 4312 mox
581 4243 626 4310 ad
644 4245 786 4312 ‘firmum
813 4266 853 4314 ac
874 4244 1027 4313 stabilem
1051 4255 1178 4315 ‘statum
1198 4269 1259 4314 ve-

146 4345 244 4435 nisse,
269 4369 379 4437 neque
395 4347 538 4439 emplius
554 4345 744 4433 mutationi,
767 4347 964 4440 praesertim
984 4349 1173 4420 detrahenti
1191 4349 1259 4416 ali*
