3078 5026
517 383 847 450 nrssuurlrro
875 385 913 448 11.
1015 449 1033 462 ,,
1204 389 1268 455 141

523 579 602 626 men
626 555 710 626 lacit
731 559 871 628 Aetnae.
897 577 928 626 v.
950 555 1092 627 Iliodor.
1116 557 1183 630 Sic.
1206 558 1265 630 XI.

524 657 585 728 40.
611 659 735 730 Strabo
756 661 816 730 vl.
843 684 879 752 p.
901 658 988 729 411.
1010 683 1061 752 sq.
1121 747 1124 754 .
1178 662 1181 667 ’

475 811 510 882 4.
522 811 699 984 Idooenmr
709 813 848 884 Persae:
874 820 1148 907 sargumentum
1163 813 1268 884 scho-

536 916 646 990 'astae
854 941 857 945 ·

150 1062 471 1157 OlympLXXVII.
480 1067 515 1137 4.
524 1068 679 1139 Nascitur
694 1067 862 1138 Socrates.
891 1061 1059 1140 Aeschlus
1072 1069 1116 1138 ab
1126 1067 1269 1162 Sopho·

521 1173 574 1241 cle
606 1194 710 1240 anuos
733 1182 813 1239 nato
843 1173 1002 1242 XXVIII.
1024 1173 1179 1258 vincitur,
1213 1196 1268 1242 se-

482 1277 504 1322 ⁶
521 1273 670 1345 cundum
694 1297 812 1343 marm.
834 1273 899 1346 On
923 1283 958 1344 et
986 1275 1208 1348 Plutarchum
1232 1277 1268 1344 in

523 1377 675 1448 Cimone.
725 1377 810 1448 Inde
830 1378 865 1445 in
878 1377 1029 1449 Siciliam
1045 1379 1124 1447 abit
1176 1378 1268 1464 Inter
1380 1406 1381 1414 ¹

521 1479 614 1551 hunc
634 1502 757 1548 aunum
775 1487 808 1549 et
829 1504 926 1564 eum,
951 1503 1021 1570 quo
1039 1481 1163 1550 Persae
1185 1480 1267 1549 editi

523 1587 630 1668 sunt,
654 1582 866 1674 Aeschylum
893 1585 1034 1677 Septem
1061 1584 1106 1652 ad
1125 1583 1266 1653 Thebas

523 1684 677 1757 docuisse
698 1709 834 1756 necesse
858 1694 926 1773 est,
969 1709 1058 1776 qnae
1087 1685 1203 1756 fabula
1233 1693 1268 1754 et

405 1786 407 1796 ’
521 1799 599 1882 post
628 1789 745 1858 Persas
762 1798 849 1860 aeta
880 1797 946 1875 est,
989 1813 1021 1859 v.
1050 1788 1157 1860 schol.
1187 1788 1268 1858 Ari-

519 1891 632 1983 stoph.
655 1892 701 1960 ad
721 1893 808 1962 Rau.
837 1888 948 1960 1053.
978 1887 1092 1966 1058.
1120 1901 1156 1976 et
1181 1893 1282 1966 wivo'

519 1995 687 2080 Aristide,
712 2005 749 2064 ut
770 1994 956 2067 Plutarcho
972 2004 1055 2065 tcste
1077 2003 1216 2074 constat.

151 2133 289 2230 Olymp.
298 2137 487 2214 LXXVIII.
499 2145 534 2215 2.
542 2146 736 2214 Moriuntur
749 2147 856 2214 Hiero
876 2155 910 2216 et
925 2146 1107 2232 Aristides,
1134 2146 1179 2214 de
1199 2167 1268 2235 quo

521 2273 553 2318 v.
575 2247 711 2318 Cornel.
737 2249 825 2340 Nep.
850 2270 880 2318 c.
903 2248 939 2320 3.

150 2389 444 2486 OlympLXXX.
468 2400 674 2475 allocutus
705 2399 865 2470 Orestear
897 2423 929 2468 v.
958 2420 1089 2489 argum.
1114 2365 1288 2492 Agame·-

520 2503 660 2572 muouis.
674 2499 863 2590 Aeschylus
878 2501 1062 2572 secuudum
1079 2500 1167 2572 vitae
1185 2503 1268 2573 scri-

520 2615 657 2698 ptorem
673 2606 709 2674 in
723 2604 873 2674 SIciliam
895 2604 974 2673 abit.

152 2749 292 2845 Olymp.
308 2729 508 2835 Lmfflfl.
522 2759 670 2828 Moritur
695 2757 903 2848 Aeschylus,
937 2757 1122 2828 secuudum
1149 2779 1266 2827 marm.

522 2861 587 2932 Ox.
605 2863 715 2932 Gelae
731 2863 766 2930 in
787 2861 922 2947 Sicilia,
948 2872 986 2929 ut
1010 2859 1212 2931 Plutarchus
1232 2862 1267 2930 in

521 2963 682 3055 Cimone,
721 2965 811 3033 vitae
843 2965 1003 3056 scriptor,
1044 2973 1079 3031 et
1113 2963 1267 3032 Valerius

521 3067 689 3138 Maximus
702 3067 846 3135 tradunt.
872 3068 1027 3159 Tempus
1041 3065 1167 3151 mortis,
1182 3064 1267 3135 cal-

521 3171 568 3239 lia
599 3171 761 3242 archonte
784 3179 992 3253 memorato,
1017 3167 1144 3238 iudicat
1163 3171 1266 3238 etiam

523 3273 642 3344 Schol.
663 3270 838 3364 Aristoph.
862 3270 951 3344 Ach.
979 3270 1038 3339 10.

254 3417 430 3491 Habemus
449 3421 510 3497 hic
537 3428 637 3495 miras
657 3427 856 3518 scriptorum
878 3448 984 3515 quum
1002 3424 1075 3492 aliis
1098 3424 1134 3490 in
1155 3423 1267 3507 rebus,

152 3523 223 3589 tum
255 3520 300 3590 de
330 3534 485 3616 tempore
514 3529 620 3600 Siculi
651 3531 741 3598 istius
771 3521 895 3598 itineris
922 3527 1159 3608 dissensiones,
1197 3525 1267 3592 aliis

152 3619 293 3716 Olymp.
324 3627 447 3697 LXXI.
483 3631 517 3700 1.
552 3633 623 3699 aliis
654 3631 811 3700 LXXIII.
842 3628 876 3697 l.
915 3629 997 3696 aliis'
1016 3635 1097 3718 post
1124 3624 1266 3717 Olymp.

150 3724 323 3798 LXXVII.
346 3729 382 3798 4.
407 3733 479 3802 aliis
501 3735 649 3823 denique
671 3732 812 3824 Olymp.
831 3731 969 3804 LXXX
996 3729 1030 3798 2.
1055 3727 1266 3820 Aeschylum

150 3828 185 3899 in
198 3831 349 3901 Siciliam
362 3836 480 3908 abiisse
493 3837 691 3908 dicentibus.
742 3836 836 3920 Quas
850 3835 1066 3904 dissensiones
1086 3843 1266 3923 antequam
1296 3887 1302 3893 -

151 3954 358 4027 componere
380 3942 581 4033 aggrediar,
605 3941 691 4009 illud
706 3941 781 4008 viae
799 3938 997 4008 muniendae
1021 3955 1135 4007 caussa
1152 3947 1265 4007 osten-

152 4035 252 4122 dam,
277 4041 370 4127 quod
395 4067 500 4133 quum
523 4047 568 4115 ab
591 4038 1023 4130 aliis‚'tuma130eckhio
1047 4062 1184 4131 quoque
1203 4065 1265 4110 ue-

150 4140 303 4234 glectum
318 4143 437 4231 video,
463 4171 546 4238 quas
560 4147 725 4216 habemus
745 4171 766 4213 a
780 4145 1008 4238 grammaticis
1023 4146 1163 4238 scriptas
1176 4168 1265 4237 poe-

150 4253 262 4346 tarum
280 4248 383 4333 vitas,
409 4237 465 4318 eas
485 4274 505 4319 a
529 4251 665 4319 diversis
687 4249 880 4318 hominibus
902 4247 1038 4316 diversis
1058 4249 1265 4341 temporibus

153 4353 291 4422 erariis
315 4353 531 4446 scriptoribus
559 4353 772 4425 ¹concinnatas
799 4375 880 4424 esse.
937 4352 1052 4439 Quare
1081 4355 1116 4423 in
1132 4352 1265 4419 huius·
