3120 5030
271 355 315 418 80
356 349 415 414 DE
435 349 669 415 vunsluvs
699 349 881 415 snvnns
903 351 1024 414 APVD
1051 352 1339 418 nuscflunvn
1470 369 1476 374 '

269 520 371 592 Vnde
396 521 479 612 quid
503 521 596 590 aliud
622 523 839 616 colligemus,
877 547 998 615 quam,
1032 547 1102 616 qno
1130 526 1218 596 nihil
1241 528 1382 599 inveniri

271 627 380 715 aptius
405 636 462 696 aut
485 628 729 697 convenientius
750 636 880 720 potest,
911 629 957 696 ita
979 630 1178 721 processisse
1193 629 1283 704 hano
1303 654 1382 704 ora-

269 729 410 798 fi⁰¹¹⁰¹1¹
422 827 531 930 κη’ροξ
549 831 696 924 μέγιστε
711 857 784 903 των
804 829 878 904 άνω
902 859 943 905 τε
965 832 1026 905 και
1057 829 1172 921 κάτω,

425 935 600 1019 ἄκουσον,
626 930 746 1030 Ἑρμῆ
765 927 914 1024 χθόνιε,
940 929 1088 1058 κηρτ’ξας
1108 938 1191 1028 ἐμοὶ

421 1063 507 1155 τρυε
523 1035 584 1129 γῆς
599 1035 727 1133 ἔνερθε
742 1027 917 1129 δαίμονας
941 1031 1060 1110 κλάειν
1086 1033 1173 1131 ἐμάς

423 1131 540 1229 εὐχάι

244 1293 444 1382 τΑρρεεαι,
476 1289 618 1359 verbum
641 1283 811 1387 κηρύξας,
843 1290 938 1380 quod
959 1290 1054 1360 aliter
1081 1289 1261 1362 obaourum
1284 1293 1382 1382 foret,

269 1416 358 1465 nuno
374 1393 503 1463 habere
524 1415 593 1483 quo
618 1393 800 1480 referatur,
825 1415 1024 1486 praegresso
1039 1396 1173 1466 nomine
1187 1390 1304 1492 κήρνξ.

147 1525 159 1556 κ
276 1511 290 1553 l

371 1547 412 1615 ln
431 1549 686 1638 Agamemnone
707 1545 910 1631 Cassandra,
936 1547 1079 1615 ultorem
1100 1549 1290 1617 exstiturum
1310 1571 1381 1620 esse

269 1650 541 1742 Agamemnonis
549 1649 757 1742 significans,
782 1649 835 1718 hia
862 1649 971 1718 verbis
990 1650 1094 1718 utitur
1113 1672 1146 1717 v.
1167 1649 1278 1720 1289.

420 1799 497 1902 ἥξει
517 1795 587 1896 γάρ
603 1798 704 1897 ημάν
728 1799 833 1881 ἄλλος
853 1797 902 1873 αὖ
917 1795 1110 1925 τιμάορος,

417 1898 666 2025 μητροκτόνον
681 1901 843 1998 φίτυμα,
869 1894 1055 1999 ποινάτωρ
1077 1898 1233 2006 πατρός,

419 2032 534 2128 φρμασ
557 2001 592 2078 δ’
609 1999 744 2130 ρέλήτητ
748 2004 922 2128 τῆσδε
876 2031 938 2103 γης
957 2001 1128 2130 ριντόξενοσ

422 2102 585 2182 κάτεισιν
598 2103 689 2187 άτας
710 2099 814 2188 τάσδε
832 2102 1044 2238 θρεμμάσων
1062 2109 1188 2232 otinas.

421 2208 519 2293 ἄξειν
537 2235 595 2282 νιν
618 2203 805 2302 ὑπτίασμα
826 2211 995 2301 κειμένου
1015 2205 1161 2308 πατρός.

419 2340 457 2386 τι
451 2305 603 2398 δῆτ’
585 2338 651 2403 εγω
674 2304 841 2394 κάτοικσς
863 2308 927 2384 oto
951 2308 1154 2408 ἀναστένω,

420 2413 499 2488 ἐπεὶ
521 2440 565 2487 το
588 2412 734 2510 πρῶτον
761 2411 856 2488 εἶδον
877 2410 989 2489 Ιλίοο
1014 2409 1121 2490 πάλιν

419 2509 627 2638 πράξασαν,
654 2513 698 2595 οἷς
724 2515 896 2642 ἔπραξεν,
924 2545 960 2590 οι
986 2513 1020 2591 δ
1043 2545 1140 2642 ειχρν
1158 2512 1290 2622 πολιν,

420 2643 532 2698 οοτως
557 2610 888 2690 άταλλάσσσοσιν’
871 2644 909 2690 εν
933 2619 1030 2690 θεων
1053 2617 1181 2713 κρίσει,

323 2759 328 2767 =
420 2719 527 2840 ιρῠρα
548 2713 685 2814 πράξω·
711 2713 892 2816 τλήσομαι
914 2746 958 2793 το
950 2711 1188 2792 κατθανειν

420 2814 615 2913 ὀμώμοται
637 2815 706 2916 γάρ
730 2819 834 2943 ὅρκρο
858 2827 895 2894 ἑκ
913 2821 1014 2894 θεῶν
1029 2821 1150 2950 μέγαρ

413 2919 549 2998 Ἀιδον
567 2917 678 3003 τάλας
698 2923 737 2995 δὲ
759 2917 899 3003 τάςδΗ
881 2949 947 3015 ayo
973 2925 1203 3020 προσεννέπω.

418 3018 618 3149 σπεάχομμι
646 3025 684 3097 δι’
707 3024 849 3147 καιρίας
867 3026 997 3121 πληγῆς
1017 3051 1153 3115 τοχειν,

421 3153 467 3208 ως
483 3123 746 3249 ἀσφάδαστος,
756 3119 921 3219 αἱμάτων
942 3124 1168 3251 ιμ’θνησιμων

421 3225 746 3326 άπορρνέντων,
723 3253 827 3323 ομμα
850 3223 1021 3323 συμβάλω
1049 3225 1145 3304 τάδε.

179 3435 180 3442 ,
264 3385 424 3467 Versum,
450 3379 509 3470 qui
527 3379 561 3445 in
583 3378 636 3445 his
650 3380 782 3467 quintus
805 3389 874 3464 est,
901 3404 1005 3470 quum
1026 3405 1094 3448 non
1116 3382 1260 3464 habere,
1286 3379 1378 3448 unde

264 3487 446 3582 penderet,
472 3481 578 3554 critici
597 3471 912 3568 animadverterent,
938 3481 1036 3566 ἄξειν
1056 3485 1090 3554 in
1105 3482 1182 3568 ἄξει
1199 3491 1377 3551 mutarunt.
1404 3545 1407 3552 ,

264 3598 313 3669 At
327 3601 397 3659 tam
419 3589 565 3678 abrupta
582 3585 707 3671 oratio,
732 3587 929 3678 praesertim
945 3586 979 3654 in
995 3587 1173 3677 sententia,
1203 3608 1324 3677 quam,
1351 3586 1379 3652 si

266 3695 413 3778 abesset,
438 3711 538 3759 nemo
555 3697 640 3757 esset
662 3688 924 3777 desideraturus,
949 3713 1017 3757 non
1039 3701 1151 3781 potest
1171 3712 1240 3757 non
1264 3687 1376 3758 offen·
1409 3728 1414 3742 ·

265 3796 350 3864 sioni
371 3817 460 3865 esset
485 3802 522 3862 ut
541 3794 660 3880 mirer,
687 3814 755 3859 non
774 3792 889 3878 finisse,
915 3795 974 3882 qui
995 3816 1073 3868 eum
1089 3795 1234 3862 eiectum
1250 3791 1376 3860 mallet.

84 3889 86 3896 ¹
209 3909 215 3928 ⁸
264 3897 344 3968 Non
366 3899 546 3983 minorem,
580 3895 608 3962 si
628 3894 794 3977 attendas,
829 3895 1071 3963 dubitationem
1095 3904 1209 3962 movet
1235 3893 1376 3963 undeci-

265 4024 339 4070 mus
360 4023 401 4072 ex
427 4001 481 4068 hia
508 3998 667 4082 versibus.
714 3996 811 4082 ¹Quo
840 3995 868 4062 si
895 3995 1081 4065 Cassandra
1114 3996 1202 4064 illud
1228 3995 1377 4067 indicare

266 4103 358 4194 vult,¹
388 4103 573 4172 necessaaio
595 4099 658 4167 sibi
685 4097 896 4166 moriendum
921 4121 1009 4183 esse,
1035 4121 1104 4168 non
1117 4099 1223 4168 modo
1245 4099 1378 4167 brevius

264 4204 302 4274 id
321 4212 421 4291 atque
444 4197 635 4287 obscurius‚'
664 4224 767 4290 qnam
790 4223 854 4291 par
873 4209 939 4285 est,
973 4202 1159 4295 signifieat,
1192 4201 1377 4272 sedetiam

265 4305 399 4402 gravius
420 4304 465 4372 de
489 4327 524 4373 se
551 4314 586 4374 et
603 4304 867 4397 magnificentius
886 4303 1052 4396 loquitur,
1091 4328 1194 4397 qnam
1222 4305 1301 4394 illa,
1343 4305 1379 4371 in
