3080 5054
268 373 334 438 ιιι
374 327 881 448 autumationum
899 369 1084 438 numum
1104 371 1285 438 umnam

210 627 213 632 ,
268 559 336 614 non
352 565 416 636 per
433 567 469 614 so
491 566 563 613 esse
575 543 808 636 intelligenda,
833 545 895 616 sed
917 539 1102 616 cohaercr'e
1117 567 1196 616 oum
1208 545 1391 637 hlamma

268 657 469 738 sequuntur,
495 668 664 746 unamque
685 669 764 718 cum
782 650 822 718 iis
840 650 1036 720 sententiam
1058 649 1214 736 efficere,
1239 657 1277 718 ut
1299 651 1390 720 date
1475 707 1478 722 ,

268 772 433 845 operam,
467 752 625 820 animam
657 750 829 821 attendite
859 776 956 822 seusu
991 753 1085 821 idem
1113 753 1170 837 sit,
1206 773 1265 839 ao,
1307 752 1389 822 dato

267 876 427 948 operam,
467 863 506 923 ut
529 853 705 923 attendatis
734 855 892 925 animum.
949 856 1002 924 lta
1031 856 1067 924 in
1095 856 1246 950 prologo
1273 855 1389 925 Phor-

267 958 388 1026 miouis
407 981 439 1032 v.
455 956 516 1026 30.

249 1183 252 1190 .
397 1124 486 1197 date
498 1145 661 1220 operam,
688 1127 813 1198 adeste
827 1147 939 1220 aeqaa
957 1125 1075 1198 ammo
1090 1149 1161 1223 per
1175 1129 1372 1200 silentium..

269 1315 309 1385 ln
330 1313 500 1387 Eunucho
525 1313 570 1384 11.
590 1313 635 1402 2,
660 1308 723 1383 50.

529 1492 604 1555 tam
624 1492 663 1555 ta
679 1485 794 1579 igitar
813 1485 1002 1578 paululum
1019 1484 1071 1553 da
1090 1485 1140 1554 mi
1155 1505 1299 1577 operae,
1313 1483 1389 1580 sac
1447 1511 1452 1526 ·

415 1597 422 1610 ·
987 1595 1026 1657 at
1047 1588 1222 1658 admittar

398 1687 452 1760 ad
481 1689 595 1766 illam.
1204 1701 1207 1708 “

168 1891 170 1898 ,
269 1843 484 1935 Etapettius
506 1843 551 1910 Π.
578 1841 620 1928 3,
646 1839 707 1912 tl.

756 1989 905 2088 sactum
932 1993 1075 2083 sedulo,
1109 2018 1183 2072 ac

397 2095 495 2169 dado
516 2118 682 2234 operam,
717 2095 906 2232 adiuuabo.

129 2353 135 2371 ,
236 2275 382 2374 ·Qnae
389 2285 440 2356 ibi
462 2287 613 2354 omnium
632 2294 680 2355 est
700 2221 864 2354 librorum
886 2285 1059 2377 scriptura.
1110 2285 1181 2356 Sed
1204 2287 1388 2376 Bentleius,

267 2392 329 2482 qui
349 2387 396 2458 ad
423 2388 516 2461 hunc
537 2413 634 2458 usum
662 2412 731 2458 uon
753 2388 973 2474 attendisset,
990 2379 1028 2458 ut
1049 2411 1113 2481 per
1134 2391 1295 2480 asyndeta
1314 2395 1388 2461 for-

268 2495 332 2565 tius
355 2493 527 2564 incederet
555 2494 682 2580 oratio,
715 2515 757 2562 ex
781 2493 973 2563 coniectura
992 2495 1127 2586 posuitt
1151 2494 1299 2589 saetam
1331 2518 1388 2567 se-

269 2596 375 2686 dala,
409 2595 506 2666 dabo
532 2618 697 2690 operam,
731 2594 913 2666 adiutabo.

336 2807 338 2812 ’
370 2799 523 2890 Videtis,
549 2800 729 2872 Candidati
750 2797 996 2886 humanissimi,
1021 2823 1125 2890 quum
1144 2800 1251 2871 multa
1270 2803 1335 2872 sint
1355 2804 1390 2874 iu

271 2903 417 2974 Bentleii
438 2904 585 2973 editione
606 2905 775 2989 Tcr'cutii,
808 2928 896 2993 quae
919 2905 1118 2974 confirment
1135 2915 1283 2973 nostrum
1301 2907 1390 2978 illud

242 3006 245 3010 ’
272 3007 318 3077 de
343 3031 400 3094 ea,
433 3007 528 3098 quod
549 3001 651 3100 supra
674 3006 863 3097 posuimus,
894 3006 1064 3077 iudicium.
1115 3008 1298 3076 Attulimus
1324 3033 1390 3080 au-

269 3120 340 3194 tem
366 3110 454 3180 hacc
477 3132 519 3178 eo
542 3109 629 3196 fine,
655 3118 711 3194 ut,
744 3109 771 3177 si
791 3129 892 3178 nemu
918 3117 983 3194 ost,
1009 3132 1112 3198 quem
1131 3110 1188 3196 iis,
1213 3111 1271 3200 qui
1295 3121 1390 3182 recte

270 3207 471 3303 antiquitatis
490 3212 602 3281 studia
622 3220 766 3282 ιιιοιιιο
786 3207 921 3301 solunt,
946 3213 1055 3305 magis
1079 3222 1251 3303 tamquam
1272 3237 1390 3284 exem-

269 3317 387 3410 plum,
414 3317 508 3407 quod
528 3315 649 3384 imitari
671 3316 836 3403 debeant,
868 3317 1018 3408 proponi
1035 3339 1136 3408 posse
1155 3318 1387 3408 existimamus,

172 3500 176 3516 ⁹
269 3431 382 3490 tamen
396 3421 494 3491 simul
514 3441 573 3490 uos
593 3440 824 3506 moneremuS,
850 3444 894 3488 ue
913 3429 1040 3488 temere
1055 3421 1137 3488 tanti
1158 3421 1218 3490 viri
1240 3423 1387 3490 auctori-

270 3533 375 3594 tatem
398 3523 530 3615 sequuti
550 3523 586 3590 iu
607 3544 665 3591 eos
690 3543 819 3592 errores
837 3521 1037 3623 inciderent,
1063 3523 1109 3590 ad
1128 3545 1213 3613 quos
1235 3524 1387 3592 vitandos

269 3629 374 3718 idem,
400 3627 426 3696 si
440 3628 514 3717 quis
530 3647 608 3694 cmn
621 3633 713 3696 recte
728 3633 762 3693 et
781 3633 859 3699 cu1'u
874 3625 960 3695 iusta
976 3626 1129 3696 libertate
1148 3627 1285 3697 iudicii
1275 3629 1387 3696 mite-

137 3713 148 3736 ’
269 3741 344 3819 tur,-
370 3731 520 3823 optimus
537 3751 606 3799 esse
623 3707 875 3806 cluentissimus
892 3730 961 3798 dux
976 3730 1170 3821 reperiatun
1222 3729 1265 3796 ld
1284 3730 1390 3822 igitur

270 3844 310 3904 nt
330 3835 476 3921 faciatis,
502 3849 672 3924 sporamm
689 3855 752 3902 vos
765 3845 906 3924 operam
919 3833 1083 3902 daturum.
1135 3834 1210 3901 lem
1226 3851 1310 3902 vero
1327 3855 1389 3904 uc-

270 3937 374 4026 cipite
387 3938 492 4027 illud,
517 3937 613 4026 quod
633 3936 731 4004 uobis
749 3934 841 4006 hana
863 3936 1035 4007 scubondi-
1053 3937 1265 4008 occasionem
1284 3957 1389 4027 prae

270 4039 354 4116 buit
406 4041 584 4112 Constituit
606 4041 694 4110 euim
708 4031 808 4108 Ordo
828 4031 1138 4131 Philosophorum,
1165 4049 1202 4108 ut
1222 4040 1280 4129 qai
1300 4041 1386 4124 auti-

270 4160 343 4233 quo
375 4143 443 4214 ritu
472 4145 606 4214 Attium
646 4143 835 4213 liberulimn
872 4135 1030 4236 Magistri
1065 4161 1107 4215 ao
1141 4142 1388 4234 Philosophiae

163 4265 167 4282 *
270 4245 439 4322 maures
454 4247 562 4316 ‘mensi
580 4256 759 4340 cuperent,
785 4248 843 4316 die
859 4247 952 4316 XVI.
971 4247 1116 4316 Ianuarii
1128 4247 1174 4316 ud
1187 4247 1387 4316 sollemnem

230 4397 231 4400 ,
270 4348 471 4444 petitionem
490 4349 525 4416 iu
546 4351 701 4422 conclavi
718 4359 832 4420 nostro
857 4351 1092 4440 convenirent,
1121 4359 1160 4422 ut
1184 4349 1320 4448 admissi
1340 4348 1386 4418 od
