3058 5046
551 392 873 458 DISSERTATIO.
1199 402 1264 466 2⁰³

150 577 260 640 ratum
279 569 522 638 incrementum
540 569 627 653 Nili,
670 570 873 659 copiamque
893 588 1056 658 aquarum
1081 593 1122 638 ex
1140 572 1265 640 monti-

149 673 230 756 bus,
257 672 316 761 qui
336 671 374 738 iis
393 672 487 763 pleni
503 673 583 757 sint,
616 693 701 758 quos
724 671 908 761 Aeschylus
927 667 1094 764 Βύβλινα
1115 672 1179 772 ὅρη
1200 697 1264 743 vo-

151 785 224 861 cat,
264 776 385 844 iterum
410 776 608 866 profusam,
634 774 739 864 idque
769 773 893 844 deinde
921 775 1097 865 quotannis
1124 777 1265 862 factum,

150 877 245 966 quasi
265 901 330 968 per
349 878 538 969 legitimum
562 900 639 947 cum
657 878 879 968 remotissimo
895 898 1009 948 earum
1022 879 1118 946 fonte
1136 901 1266 950 conuu-

149 983 262 1065 bium,
287 981 344 1069 qui
360 983 405 1050 ob
425 982 650 1065 fertilitatem,
676 1005 778 1071 quam
790 981 908 1067 affert,
935 965 1055 1050 merito
1073 1005 1132 1050 rex
1146 984 1267 1074 Aegy-

150 1085 202 1175 pti
221 1081 328 1154 dic'tus
347 1095 397 1152 est
419 1085 468 1175 *).
518 1084 651 1153 Eadem
671 1108 786 1155 caussa
807 1086 909 1154 etiam
931 1085 1099 1176 Epaphus
1119 1107 1176 1153 rer
1195 1089 1267 1154 Ae-

151 1188 251 1278 gypti
272 1187 476 1277 perhibituS,
504 1189 559 1257 cui
580 1210 665 1254 uxor
688 1190 862 1282 Μιζιιφις,
897 1189 1100 1280 Remeligo,
1132 1191 1268 1280 peperit
1370 1261 1375 1268 ,

151 1291 257 1358 liliam
278 1284 446 1386 Λιβύην,
489 1290 705 1381 Oppletiam,
740 1291 833 1386 quod
863 1315 972 1361 annua
993 1293 1063 1362 Nili
1088 1293 1267 1361 exundatio
1363 1351 1367 1362 .

150 1393 234 1460 limo
258 1393 388 1476 omnia,
414 1417 502 1483 quae
520 1396 606 1462 infra
622 1383 807 1486 Memphin
826 1404 918 1480 sunt,
946 1397 1086 1493 oppleta
1108 1395 1267 1465 destituit

150 1495 240 1564 Vide
266 1497 484 1573 Herodotum
514 1497 557 1568 ll
591 1496 651 1567 14.
686 1500 809 1568 Postea
847 1521 971 1620 nomen
1000 1499 1130 1588 Libyae
1168 1499 1268 1566 latius

147 1607 328 1666 extensum.

256 1751 477 1821 Consistamus
501 1751 560 1824 hic
576 1753 738 1844 paullum.
790 1755 878 1822 Nam
895 1778 1000 1845 quum
1024 1753 1267 1846 apertissimum

152 1857 213 1940 sit,
246 1855 334 1928 haec
358 1859 470 1925 omnia
486 1857 531 1925 ad
553 1857 705 1928 Africam
724 1859 911 1949 pertinere,
948 1867 981 1926 et
1003 1859 1168 1928 Inachum
1189 1860 1270 1926 fon-

61 2023 64 2028 .
151 1967 202 2026 tes
221 1983 293 2040 esse
309 1961 397 2044 Nili,
422 1961 539 2028 Nilum
554 1962 666 2054 ipsum
683 1971 795 2030 autem
811 1985 875 2052 per
888 1963 994 2029 filiam
1010 1963 1129 2032 Inachi
1146 1962 1186 2030 lo
1205 1963 1269 2032 de-

152 2063 291 2154 signari,
318 2064 492 2152 quomodo
509 2087 587 2152 cum
611 2064 663 2131 his
685 2065 772 2133 illud
794 2066 1063 2150 conciliabimus,
1090 2066 1184 2158 quod
1210 2091 1270 2135 ea-
1318 2111 1322 2118 ·

152 2165 233 2233 dem
249 2165 289 2234 Io
303 2177 336 2234 et
349 2167 478 2258 Argiva
499 2167 543 2234 ab
565 2167 719 2233 omnibus
742 2168 958 2256 perhibetur,
986 2177 1018 2234 et
1034 2192 1169 2235 omnem
1185 2191 1271 2258 pro-

150 2269 340 2359 pemodum
356 2271 533 2389 Europam
553 2276 653 2357 atque
672 2269 788 2336 Asiam
810 2293 1008 2362 peragrasse
1027 2265 1174 2340 dicitur?
1200 2271 1272 2338 Fa-

152 2371 234 2456 cile,
261 2380 298 2439 ut
322 2372 479 2462 opinor,
486 2372 512 2438 si
529 2381 687 2474 quattuor
707 2371 852 2440 diversas
874 2373 1029 2440 fabulas
1020 2397 1054 2439 m
1069 2396 1169 2440 unam
1186 2396 1271 2442 con-

151 2474 241 2541 fusas
268 2497 338 2542 esse
362 2471 597 2565 cogitabimus.
630 2474 707 2542 Vna
723 2483 790 2562 est,
817 2499 919 2564 quam
941 2476 1169 2566 explicuimus.
1205 2475 1273 2544 Se-

153 2577 327 2660 cunda,
318 2600 352 2643 m
376 2579 503 2669 qualo
532 2601 635 2680 aquas
659 2577 794 2668 paludis
815 2577 998 2646 Maeotidis
1019 2588 1184 2670 perrupto
1207 2603 1272 2670 ge-

155 2681 247 2748 mino
270 2679 379 2763 freto,
414 2682 468 2751 cui
490 2681 622 2769 utrique
646 2683 691 2750 ab
718 2706 759 2750 ea
788 2705 826 2754 re
850 2679 999 2772 Bospori
1028 2707 1151 2751 nomen
1183 2683 1272 2750 indi-

153 2793 243 2867 tum,
269 2806 332 2874 per
356 2794 500 2876 pontum
518 2787 720 2853 Euxinum
710 2809 747 2853 1n
768 2784 1030 2878 Hellespontum
1046 2781 1251 2879 profusas
1226 2811 1272 2855 sr-
1359 2819 1362 2826 ·

154 2887 317 2980 gnificat,
361 2888 479 2956 Tertia
508 2889 625 2956 fabula
658 2897 692 2957 et
723 2898 842 2979 quarta
869 2891 1076 2982 Argivorum
1110 2892 1273 2982 propriae

154 2999 239 3062 sunt.
288 2991 342 3059 Ac
365 2992 463 3060 tertia
485 2991 623 3080 quidem
648 2993 744 3060 aliter
768 2994 812 3059 ab
835 2993 904 3060 aliis
929 3005 1099 3062 narratur:
1131 3020 1162 3063 v.
1179 2995 1271 3062 Pau-

154 3095 281 3161 saniam
306 3093 349 3159 Π.
374 3090 418 3179 5,
445 3091 480 3161 5.
507 3093 580 3182 16,
606 3095 641 3166 1.
675 3097 782 3166 schol.
814 3097 933 3188 Eurip.
967 3098 1012 3164 ad
1043 3095 1153 3165 Orest.
1182 3092 1317 3163 92911

156 3195 268 3263 1239.
295 3195 349 3263 ed.
367 3195 554 3282 Matthiae,
580 3209 615 3266 et
630 3196 809 3292 Hyginum
821 3197 890 3264 fab
915 3195 1000 3267 145.
1027 3200 1074 3270 sic
1095 3208 1206 3268 autem
1226 3201 1272 3269 ab

158 3299 390 3421 Apollodoro·
416 3300 649 3385 Inachum,
625 3324 693 3370 srve
715 3295 932 3391 Evacunum,
949 3312 999 3372 et
1020 3304 1186 3392 Μελίαν,
1213 3302 1274 3371 ci-

155 3401 324 3488 curinam,
356 3404 425 3472 sive
445 3403 606 3496 Mitigam
629 3405 743 3490 malis,
775 3405 929 3497 genuisse
955 3409 1128 3503 Φορωνέα
1143 3417 1177 3475 et
1194 3404 1274 3478 Αἰ-

155 3506 300 3598 γιαλέα,
335 3503 521 3576 Feronium
554 3517 588 3577 et
611 3507 739 3589 Oram;
771 3506 899 3594 Orum,
942 3511 1011 3577 sine
1036 3510 1148 3577 liberis
1180 3530 1275 3574 mor-

155 3619 268 3693 tuum,
295 3630 418 3679 nomen
435 3612 604 3701 reliquisse
623 3613 861 3701 Peloponneso
884 3605 1122 3703 Αἰγιάλειαν,
1149 3608 1275 3692 Oram;

112 3767 117 3776 r
155 3711 303 3782 Feronio
326 3735 368 3781 er
390 3713 561 3812 Τηλιδίιῃ
569 3769 584 3806 ,
612 3715 676 3806 (sic
696 3714 785 3783 enim
800 3713 1030 3807 scribendum)
1055 3714 1077 3780 i.
1097 3738 1126 3782 e.
1142 3715 1275 3784 Procu-
1340 3758 1343 3766 ι

157 3923 360 3940 m

199 4051 230 4126 *l
254 4051 446 4133 Description
463 4053 619 4137 d’.ngypte
628 4023 683 4118 Ill,
696 4057 820 4118 Livrais.
840 4053 984 4115 Memoire
1004 4073 1057 4113 sur
1078 4055 1108 4114 le
1127 4054 1174 4112 lac
1190 4051 1276 4114 Men-

39 4149 41 4157 ‘
157 4135 244 4196 zaleh
264 4157 321 4217 par
345 4139 386 4199 M.
415 4141 445 4198 le
474 4141 603 4202 General
622 4143 806 4221 Andreossy
827 4163 859 4222 p·
884 4145 996 4206 261-
1005 4146 1076 4208 278·
1108 4140 1166 4200 Hic
1184 4141 1276 4198 11111111

157 4240 296 4300 magnam
319 4217 544 4284 multitudinem
567 4227 627 4285 Nili
656 4248 803 4308 aquarum
831 4224 992 4306 aliquando
1024 4226 1062 4286 ad
1090 4225 1275 4286 occidentem
1357 4289 1360 4306 Ι

86 4318 88 4322 ’
157 4328 213 4388 per
227 4307 339 4388 Libyae
360 4309 478 4369 deserta
498 4310 647 4375 sibiviam
663 4313 779 4378 fecisse.
802 4313 844 4376 11.
853 4313 933 4373 Dian.
954 4312 1086 4394 Gotting.
1111 4316 1204 4382 1820·
1224 4313 1275 4375 10

158 4393 227 4457 lun.
240 4395 278 4456 Ν
292 4398 344 4463 94
355 4416 389 4478 p
404 4399 477 4466 985
493 4416 517 4458 ι.
1359 4411 1363 4419 ¹
