3058 5046
413 352 650 418 THESAVRI
679 352 1003 418 successuum.
1193 357 1257 420 251

149 532 247 619 optet
264 526 321 593 its·
334 525 461 596 fuctum
485 551 556 596 esse
579 527 747 613 Iudicem,
771 535 809 596 ut
827 527 946 595 ordine
967 528 1084 619 primi,
1109 527 1256 614 secundi,

151 630 238 698 tcutii
256 629 354 714 libri,
380 629 479 700 etsie
503 630 679 722 deinceps,
711 630 860 721 singulos
884 631 995 717 iocos,
1021 653 1144 720 eosque
1164 631 1256 725 ipsos

152 732 198 800 nd
221 731 374 801 ordinem
398 753 571 819 versuum,
606 755 674 822 quo
706 732 800 823 apud
828 733 1017 801 Homerum
1045 733 1159 824 scripti
1182 743 1257 802 sunt

151 833 329 926 dispositos
357 834 556 924 conspiciat,
595 856 665 924 quo
689 836 817 920 statim,
856 836 950 926 quod
975 837 1074 922 velit,
1112 837 1258 904 invenire

151 947 273 1026 quest,
301 959 365 1008 nec
387 937 538 1006 millenos
558 938 655 1010 lucos
672 938 707 1005 in
731 939 883 1007 omnibus
902 939 1124 1008 voluminibus
1139 938 1259 1006 fiuntc

151 1041 317 1133 inspicere
329 1039 493 1132 cogetur?
517 1041 597 1109 Hoc
615 1040 718 1132 igitur
738 1043 773 1109 in
795 1043 950 1111 omnibus
969 1043 1183 1135 scriptoribus
1204 1041 1259 1109 fn-

152 1141 310 1211 ciendum
328 1165 397 1210 esse
419 1165 605 1230 censemus,
638 1165 682 1212 ne
700 1143 835 1235 insignis
861 1166 939 1236 pers
959 1145 1123 1231 utilitatis,
1156 1167 1259 1236 quam
1347 1133 1350 1150 ⁸

152 1243 212 1314 hic
225 1245 312 1314 liber
325 1243 498 1314 habiturus
514 1256 580 1331 est,
606 1246 764 1336 eripiatur
778 1247 834 1332 iis,
860 1249 919 1337 qui
935 1269 977 1318 eo
1000 1250 1090 1317 usuri
1106 1249 1189 1318 sint'
1213 1249 1260 1316 Et

152 1371 354 1439 quamquam
378 1346 448 1418 hcc
467 1371 603 1440 quoque
623 1349 775 1418 immensi
794 1372 868 1418 esse
889 1351 1015 1420 laboris
1035 1351 1173 1437 scimus,
1205 1358 1259 1418 tu-

152 1473 231 1520 men
248 1472 316 1520 non
341 1451 547 1540 dubitamus,
586 1453 668 1540 quin
698 1455 798 1521 etium
821 1453 960 1524 laudem
991 1475 1032 1522 ec
1058 1476 1111 1523 res
1132 1463 1257 1522 tantam

152 1550 310 1622 habiturn
333 1555 392 1639 sit,
433 1562 470 1622 ut
497 1577 573 1623 enm
598 1577 668 1622 non
702 1554 764 1622 sint
799 1556 859 1625 sibi
892 1557 1007 1628 deesse
1040 1557 1169 1649 passuri
1196 1556 1257 1625 viri

151 1656 429 1749 praestantissimi.

237 1813 298 1881 Ἰ).
327 1810 464 1902 Lipsiae
487 1831 602 1878 mense
625 1809 737 1901 Aprili
761 1835 791 1880 n.
814 1813 1042 1886 ciuiocccxviii.
