3058 5046
311 322 313 328 '
424 369 661 458 nnnstvm
688 369 1046 434 senonicum..
1173 445 1178 454 ⁴
1206 373 1272 440 net

166 539 294 631 pentus
320 541 355 608 in
377 537 555 634 orphicis,
593 549 638 612 nt*
654 539 713 614 hic
735 555 871 631 quoqne
894 543 1024 634 negligi
1044 542 1206 634 ponent,
1244 542 1271 614 si

134 655 136 660 ’
167 641 305 732 quidem
325 652 374 712 est
390 644 579 735 neglectus:
604 667 682 714 nem
703 645 730 712 si
745 645 843 724 altius
856 645 1108 734 inquisivissent,
1133 647 1271 716 lorlesse
1369 673 1372 679 ·

167 768 235 814 non
257 768 328 814 esse
349 739 541 839 neglectum
556 747 590 817 in
610 756 722 816 nostro
741 747 975 817 emendatione
984 746 1154 829 vidissent·
1177 748 1271 837 qnod

166 857 280 918 entem
294 847 340 918 de
358 846 502 971 simplici
514 844 635 930 αἰόλος
647 859 794 936 monent,
817 851 978 936 fatemur,
1007 871 1074 921 non
1087 851 1273 943 intelligere

166 974 244 1035 nos,
278 973 354 1036 cnr,
387 955 446 1042 qni
467 951 661 1033 παναίολος
681 962 717 1022 et
743 946 988 1048 αιόλόμσρφος
1013 952 1160 1038 dicetur,
1204 973 1273 1022 non

168 1054 268 1124 etiem
283 1047 403 1135 αἰόλος
420 1054 488 1125 dici
508 1054 630 1146 possit;
655 1054 799 1146 deniqne
823 1056 918 1145 qnod
936 1055 1107 1140 dubitent,
1132 1079 1174 1126 en
1189 1054 1273 1125 Pani

166 1153 237 1225 hoc
253 1155 428 1247 epitheton
449 1157 550 1226 moui
568 1166 729 1246 nequent,
761 1159 910 1228 omnium
931 1158 1073 1228 maxime
1097 1158 1274 1228 miramur:

167 1279 223 1328 cm
211 1258 371 1345 'd'eo‚
346 1281 374 1326 οι
393 1259 548 1344 ellidii,
574 1261 703 1352 optime
726 1259 796 1331 hoo
815 1262 990 1354 epitheton
1007 1263 1179 1346 convenit,
1205 1281 1273 1351 qno

166 1361 195 1428 si
220 1383 288 1430 non
318 1363 489 1431 ornatur
478 1385 514 1431 m
544 1359 672 1453 hymno
700 1363 744 1432 xi.
776 1362 885 1456 (10.)
918 1365 977 1453 qni
1003 1365 1037 1434 in
1057 1363 1168 1454 ipsum
1191 1361 1274 1436 sorl-

165 1471 332 1634 plebem,
367 1465 491 1634 ἷλθοὶίο
513 1466 560 1535 ibi
582 1487 657 1536 non
673 1465 774 1537 valde
794 1466 960 1538 dissimilia
983 1466 1206 1586 inveniuntur,
1238 1473 1276 1536 nt

165 1587 189 1633 v
310 1576 346 1635 et

269 1715 489 1843 παντοφυός,
515 1721 697 1844 μινέτορ
685 1715 845 1811 πόντων,
871 1714 1082 1814 πολυόνυμο
1098 1721 1247 1812 δαίμον’

259 1816 455 1946 α’λλόσσιις
467 1823 506 1899 dd
522 1815 645 1921 φόσιις
659 1815 806 1897 πόντον
820 1829 899 1906 ταῖς
915 1829 1013 1897 σαῖσι
1026 1821 1222 1922 προνοίαις.

166 1975 239 2046 Sed
261 1975 343 2065 qnid
364 1998 426 2046 nos
450 1975 539 2046 hoco
564 1997 877 2062 commemoremus,
902 1999 944 2048 ec
961 1997 1032 2046 non
1052 1974 1139 2047 illud
1150 1973 1274 2066 potms,

167 2077 264 2168 qnod
280 2087 415 2168 praeter
429 2087 575 2146 metrum
590 2079 858 2148 emendationem
871 2089 1018 2156 nostram
1034 2077 1168 2148 tuctur?
1188 2075 1277 2144 Nam

166 2181 273 2250 verbo
301 2178 471 2250 Macrobii
491 2177 580 2250 lineo
600 2189 675 2250 sunt
697 2181 721 2248 i.
744 2180 803 2250 2³.
843 2181 991 2265 „Solem
1013 2203 1084 2249 esse
1106 2178 1219 2251 omnio
1238 2176 1321 2244 em

169 2276 361 2374 „Orpheos
376 2289 515 2351 testetur
534 2281 587 2350 his
603 2283 769 2352 versibus:
759 2285 791 2326 ·“

273 2433 448 2520 ,κέκλυθι
467 2435 531 2532 πηλ
535 2425 668 2529 σπόρου
690 2429 786 2530 δίνης
811 2432 996 2526 ἑλιναυμία
1016 2424 1142 2504 νόνλσν

164 2630 166 2638 ¹
201 2551 205 2559 ”
271 2532 488 2656 ,οὐρανίαις
509 2531 743 2658 στροφάλιγξι
759 2533 981 2660 περίδρομον
997 2533 1077 2607 αιεν
1094 2529 1251 2615 ἑλίσσων,

271 2634 414 2731 „oiylotl
430 2635 523 2728 Zeti,
550 2631 722 2725 Διόνυσε,
745 2631 864 2761 πάτερ
882 2629 1034 2732 κόσμου,
1051 2627 1166 2731 πότερ
1185 2635 1274 2732 ἁίης,

271 2739 407 2828 ,”,Ηλιι
422 2741 663 2836 παμμενίτορ,
690 2733 775 2813 Ποίν
796 2733 914 2820 αἰόλα,
940 2738 1226 2851 ypvosopsyyc'cf‘

170 2893 263 2979 Quid
286 2900 335 2964 est
358 2894 448 2964 enim
466 2893 501 2962 in
523 2892 577 2962 his
603 2891 767 2982 versibus,
810 2892 900 2962 unde
923 2892 1056 2962 Solem
1068 2891 1179 2961 omnic
1208 2912 1278 2960 esse

169 3005 261 3072 ceno
277 2996 439 3090 colliges,
472 2996 533 3064 nisi
553 2994 672 3066 illnd'
662 3017 774 3087 ipsum
793 2997 945 3066 verbum
950 2988 1060 3068 Heio?
1091 2997 1164 3062 Pan
1178 2993 1277 3074 enim,

169 3109 206 3168 ut
221 3099 256 3168 in
274 3097 453 3186 hymno
422 3121 466 3166 n.
489 3098 584 3188 (lo.)
604 3099 784 3188 scriptum,
809 3092 962 3191 κόσμσιο
986 3122 1030 3168 πο
1051 3088 1196 3212 σιίμπαν
1219 3099 1276 3162 'est

168 3201 216 3268 Et
234 3199 529 3318 ‘quemadmodum
551 3199 610 3268 hic
632 3201 696 3269 Sol
725 3202 798 3267 Pan
819 3207 975 3284 vocatur,
1016 3197 1062 3264 ite
1091 3195 1127 3262 in
1150 3195 1277 3286 hymno

169 3302 275 3371 xxxiv.
296 3299 390 3394 (33.)
409 3300 556 3391 Apollo,
581 3301 640 3385 qui
660 3297 753 3368 idem
768 3321 846 3369 cum
862 3298 945 3368 Sole
961 3305 1028 3385 est,
1053 3298 1126 3366 Pan
1145 3300 1276 3380 dicitur,

168 3404 398 3492 vicissimque,
437 3411 474 3470 nt
500 3401 599 3486 Sol
589 3423 624 3468 m
651 3400 842 3493 fragmento
869 3402 932 3470 isto
959 3401 1112 3490 Iuppiter
1143 3411 1178 3468 et
1205 3402 1278 3468 Pan
1382 3431 1391 3446 -

169 3498 430 3604 χρυσισφομμής
448 3505 636 3598 appellatus
657 3513 724 3588 est,
758 3505 804 3574 ita
821 3505 924 3573 Pon
915 3527 949 3572 m
963 3503 1091 3592 hymno
1115 3502 1156 3568 xi.
1182 3499 1276 3591 (10.)

170 3618 204 3678 et
220 3612 352 3693 Paean,
379 3608 597 3698 etlnppitcr‚
631 3614 666 3674 et
690 3600 896 3704 φαεσφόρος
916 3606 1104 3691 nominetur
1127 3603 1180 3670 his
1202 3624 1278 3670 vcr-

170 3713 274 3782 sibus:
301 3709 489 3802 (11,12.)

238 3857 542 3994 ιιοσμοιιρότορ,
571 3854 719 3982 adipsci,
743 3815 940 3980 ραοσφόρε,
961 3850 1276 3979 κοίρπιμυΠαιόν·

238 3953 506 4065 α’ντροχαρές,
536 3903 751 4062 βαρύμηνις,
780 3956 914 4059 όληθης
929 3955 1055 4040 Ζευς
1034 3988 1053 4033 o
1069 3951 1249 4056 νεραστής.

248 4116 422 4186 Addamus
436 4117 489 4185 his
502 4118 605 4186 olium
620 4117 756 4190 locum
747 4139 780 4182 m
796 4136 864 4202 quo
882 4137 948 4182 non
966 4068 1118 4180 videntur
1132 4121 1277 4182 mentem

83 4271 88 4290 .
170 4229 316 4290 nostram
346 4220 553 4312 perspexisse
571 4219 756 4288 doctissimi
776 4211 943 4286 Editores.
993 4217 1081 4284 Nom
1110 4213 1191 4287 dum
1213 4211 1288 4283 ibi-

174 4324 254 4393 dem
270 4323 352 4413 elio,
378 4344 465 4412 qnae
486 4322 532 4392 ed
551 4321 732 4414 Orpheum
754 4329 925 4414 spectent,
957 4329 1216 4410 persequuntur,
1242 4339 1276 4405 p.
