<?xml version="1.0" encoding="UTF-8"?>
<!DOCTYPE html PUBLIC "-//W3C//DTD XHTML 1.0 Transitional//EN"
    "http://www.w3.org/TR/xhtml1/DTD/xhtml1-transitional.dtd">
<html xmlns="http://www.w3.org/1999/xhtml" xml:lang="en" lang="en">
 <head>
  <title>
</title>
<meta http-equiv="Content-Type" content="text/html;charset=utf-8" />
  <meta name='ocr-system' content='tesseract 3.04.00' />
  <meta name='ocr-capabilities' content='ocr_page ocr_carea ocr_par ocr_line ocrx_word'/>
</head>
<body>
  <div class='ocr_page' id='page_1' title='image "./opuscula03hermgoog/opuscula03hermgoog_0105.png"; bbox 0 0 3078 5026; ppageno 0'>
   <div class='ocr_carea' id='block_1_1' title="bbox 276 300 1056 438">
    <p class='ocr_par' dir='ltr' id='par_1_1' title="bbox 276 300 1056 438">
     <span class='ocr_line' id='line_1_1' title="bbox 276 300 1056 438; baseline 0.003 -28"><span class='ocrx_word' id='word_1_1' title='bbox 276 355 320 420; x_wconf 78' lang='lat' dir='ltr'>or</span> <span class='ocrx_word' id='word_1_2' title='bbox 606 349 679 438; x_wconf 80' lang='lat' dir='ltr'>un</span> <span class='ocrx_word' id='word_1_3' title='bbox 720 300 1056 412; x_wconf 67' lang='lat' dir='ltr'>rrs&#39;cnrnr</span> 
     </span>
    </p>
   </div>
   <div class='ocr_carea' id='block_1_2' title="bbox 225 521 1522 4430">
    <p class='ocr_par' dir='ltr' id='par_1_2' title="bbox 276 521 1391 713">
     <span class='ocr_line' id='line_1_2' title="bbox 276 521 1391 594; baseline 0 0"><span class='ocrx_word' id='word_1_4' title='bbox 276 524 378 594; x_wconf 88' lang='lat' dir='ltr'>bnlae</span> <span class='ocrx_word' id='word_1_5' title='bbox 391 545 468 594; x_wconf 85' lang='lat' dir='ltr'>usus</span> <span class='ocrx_word' id='word_1_6' title='bbox 487 522 539 592; x_wconf 89' lang='lat' dir='ltr'>sit.</span> <span class='ocrx_word' id='word_1_7' title='bbox 588 522 643 594; x_wconf 84' lang='lat' dir='ltr'>Ac</span> <span class='ocrx_word' id='word_1_8' title='bbox 654 522 782 592; x_wconf 78' lang='lat' dir='ltr'>nullom</span> <span class='ocrx_word' id='word_1_9' title='bbox 802 522 938 592; x_wconf 89' lang='lat' dir='ltr'>omnino</span> <span class='ocrx_word' id='word_1_10' title='bbox 951 523 1018 592; x_wconf 87' lang='lat' dir='ltr'>rim</span> <span class='ocrx_word' id='word_1_11' title='bbox 1030 521 1188 592; x_wconf 84' lang='lat' dir='ltr'>habitura</span> <span class='ocrx_word' id='word_1_12' title='bbox 1200 521 1316 592; x_wconf 85' lang='lat' dir='ltr'>fnisset</span> <span class='ocrx_word' id='word_1_13' title='bbox 1331 531 1391 594; x_wconf 89' lang='lat' dir='ltr'>ant</span> 
     </span>
     <span class='ocr_line' id='line_1_3' title="bbox 276 626 1389 713; baseline -0.003 -15"><span class='ocrx_word' id='word_1_14' title='bbox 276 627 467 698; x_wconf 91' lang='lat' dir='ltr'>sollicitudo</span> <span class='ocrx_word' id='word_1_15' title='bbox 489 627 683 713; x_wconf 75' lang='lat' dir='ltr'>Persarum,</span> <span class='ocrx_word' id='word_1_16' title='bbox 715 635 773 694; x_wconf 89' lang='lat' dir='ltr'>aut</span> <span class='ocrx_word' id='word_1_17' title='bbox 794 626 955 712; x_wconf 87' lang='lat' dir='ltr'>afflictio,</span> <span class='ocrx_word' id='word_1_18' title='bbox 985 627 1047 694; x_wconf 88' lang='lat' dir='ltr'>nisi</span> <span class='ocrx_word' id='word_1_19' title='bbox 1073 626 1182 694; x_wconf 86' lang='lat' dir='ltr'>statim</span> <span class='ocrx_word' id='word_1_20' title='bbox 1209 628 1254 695; x_wconf 92' lang='lat' dir='ltr'>ab</span> <span class='ocrx_word' id='word_1_21' title='bbox 1282 627 1389 713; x_wconf 86' lang='lat' dir='ltr'>initio,</span> 
     </span>
    </p>

    <p class='ocr_par' dir='ltr' id='par_1_3' title="bbox 225 728 1522 2162">
     <span class='ocr_line' id='line_1_4' title="bbox 225 728 1389 821; baseline -0.003 -20"><span class='ocrx_word' id='word_1_22' title='bbox 225 729 231 750; x_wconf 85' lang='lat'>&#39;</span> <span class='ocrx_word' id='word_1_23' title='bbox 276 753 380 821; x_wconf 86' lang='lat' dir='ltr'>qnam</span> <span class='ocrx_word' id='word_1_24' title='bbox 406 753 532 821; x_wconf 81' lang='lat' dir='ltr'>magna</span> <span class='ocrx_word' id='word_1_25' title='bbox 552 728 604 798; x_wconf 60' lang='lat' dir='ltr'>vdc</span> <span class='ocrx_word' id='word_1_26' title='bbox 639 753 677 800; x_wconf 92' lang='lat' dir='ltr'>re</span> <span class='ocrx_word' id='word_1_27' title='bbox 708 729 993 820; x_wconf 85' lang='lat' dir='ltr'>periclitarentur,</span> <span class='ocrx_word' id='word_1_28' title='bbox 1034 729 1247 798; x_wconf 82' lang='lat' dir='ltr'>manifestum</span> <span class='ocrx_word' id='word_1_29' title='bbox 1281 731 1389 798; x_wconf 87' lang='lat' dir='ltr'>lieret.</span> 
     </span>
     <span class='ocr_line' id='line_1_5' title="bbox 275 832 1513 931; baseline -0.001 -28"><span class='ocrx_word' id='word_1_30' title='bbox 275 836 394 924; x_wconf 88' lang='lat' dir='ltr'>ltaque</span> <span class='ocrx_word' id='word_1_31' title='bbox 421 855 486 924; x_wconf 90' lang='lat' dir='ltr'>per</span> <span class='ocrx_word' id='word_1_32' title='bbox 502 832 663 917; x_wconf 91' lang='lat' dir='ltr'>chorum,</span> <span class='ocrx_word' id='word_1_33' title='bbox 701 841 740 901; x_wconf 88' lang='lat' dir='ltr'>ut</span> <span class='ocrx_word' id='word_1_34' title='bbox 765 855 853 922; x_wconf 88' lang='lat' dir='ltr'>quae</span> <span class='ocrx_word' id='word_1_35' title='bbox 875 833 1059 910; x_wconf 87' lang='lat' dir='ltr'>communis</span> <span class='ocrx_word' id='word_1_36' title='bbox 1088 833 1131 900; x_wconf 88' lang='lat' dir='ltr'>sit</span> <span class='ocrx_word' id='word_1_37' title='bbox 1166 833 1289 902; x_wconf 82' lang='lat' dir='ltr'>civium</span> <span class='ocrx_word' id='word_1_38' title='bbox 1308 856 1389 918; x_wconf 81' lang='lat' dir='ltr'>vox,</span> <span class='ocrx_word' id='word_1_39' title='bbox 1509 850 1513 931; x_wconf 65' lang='grc' dir='ltr'>ξ</span> 
     </span>
     <span class='ocr_line' id='line_1_6' title="bbox 275 935 1515 1027; baseline 0.001 -19"><span class='ocrx_word' id='word_1_40' title='bbox 275 939 405 1008; x_wconf 89' lang='lat' dir='ltr'>initium</span> <span class='ocrx_word' id='word_1_41' title='bbox 428 935 571 1021; x_wconf 87' lang='lat' dir='ltr'>faciens,</span> <span class='ocrx_word' id='word_1_42' title='bbox 597 944 667 1003; x_wconf 88' lang='lat' dir='ltr'>tam</span> <span class='ocrx_word' id='word_1_43' title='bbox 689 936 871 1027; x_wconf 80' lang='lat' dir='ltr'>grandem,</span> <span class='ocrx_word' id='word_1_44' title='bbox 896 945 1032 1024; x_wconf 87' lang='lat' dir='ltr'>tamque</span> <span class='ocrx_word' id='word_1_45' title='bbox 1052 936 1269 1027; x_wconf 76' lang='lat' dir='ltr'>magnificam</span> <span class='ocrx_word' id='word_1_46' title='bbox 1288 936 1389 1004; x_wconf 86' lang='lat' dir='ltr'>exhi·</span> <span class='ocrx_word' id='word_1_47' title='bbox 1509 938 1515 1009; x_wconf 80' lang='grc' dir='ltr'><strong>ἱ</strong></span> 
     </span>
     <span class='ocr_line' id='line_1_7' title="bbox 275 1020 1516 1132; baseline 0.002 -22"><span class='ocrx_word' id='word_1_48' title='bbox 275 1043 345 1111; x_wconf 85' lang='lat' dir='ltr'>bet.</span> <span class='ocrx_word' id='word_1_49' title='bbox 367 1039 541 1132; x_wconf 90' lang='lat' dir='ltr'>copiarum</span> <span class='ocrx_word' id='word_1_50' title='bbox 571 1038 607 1105; x_wconf 89' lang='lat' dir='ltr'>in</span> <span class='ocrx_word' id='word_1_51' title='bbox 633 1039 812 1108; x_wconf 80' lang='lat' dir='ltr'>Graeciam</span> <span class='ocrx_word' id='word_1_52' title='bbox 833 1039 1064 1131; x_wconf 80' lang='lat' dir='ltr'>profecturum</span> <span class='ocrx_word' id='word_1_53' title='bbox 1092 1039 1388 1123; x_wconf 88' lang='lat' dir='ltr'>enumerationem,</span> <span class='ocrx_word' id='word_1_54' title='bbox 1511 1020 1516 1112; x_wconf 69' lang='lat' dir='ltr'>l</span> 
     </span>
     <span class='ocr_line' id='line_1_8' title="bbox 275 1141 1388 1232; baseline -0.002 -18"><span class='ocrx_word' id='word_1_55' title='bbox 275 1154 314 1214; x_wconf 92' lang='lat' dir='ltr'>ut</span> <span class='ocrx_word' id='word_1_56' title='bbox 340 1151 392 1211; x_wconf 89' lang='lat' dir='ltr'>tot</span> <span class='ocrx_word' id='word_1_57' title='bbox 414 1141 626 1232; x_wconf 82' lang='lat' dir='ltr'>populorum</span> <span class='ocrx_word' id='word_1_58' title='bbox 653 1142 845 1231; x_wconf 90' lang='lat' dir='ltr'>ducumque</span> <span class='ocrx_word' id='word_1_59' title='bbox 873 1143 1008 1212; x_wconf 81' lang='lat' dir='ltr'>nomina</span> <span class='ocrx_word' id='word_1_60' title='bbox 1033 1165 1139 1231; x_wconf 85' lang='lat' dir='ltr'>quum</span> <span class='ocrx_word' id='word_1_61' title='bbox 1168 1141 1388 1212; x_wconf 72' lang='lat' dir='ltr'>admiratione</span> 
     </span>
     <span class='ocr_line' id='line_1_9' title="bbox 275 1229 1518 1340; baseline -0.003 -25"><span class='ocrx_word' id='word_1_62' title='bbox 275 1245 463 1340; x_wconf 83' lang='lat' dir='ltr'>percellant</span> <span class='ocrx_word' id='word_1_63' title='bbox 476 1243 638 1318; x_wconf 90' lang='lat' dir='ltr'>audientis</span> <span class='ocrx_word' id='word_1_64' title='bbox 651 1246 809 1331; x_wconf 88' lang='lat' dir='ltr'>animum,</span> <span class='ocrx_word' id='word_1_65' title='bbox 825 1254 908 1338; x_wconf 87' lang='lat' dir='ltr'>tum,</span> <span class='ocrx_word' id='word_1_66' title='bbox 934 1247 961 1314; x_wconf 81' lang='lat' dir='ltr'>si</span> <span class='ocrx_word' id='word_1_67' title='bbox 976 1246 1096 1314; x_wconf 89' lang='lat' dir='ltr'>detali</span> <span class='ocrx_word' id='word_1_68' title='bbox 1112 1253 1274 1333; x_wconf 88' lang='lat' dir='ltr'>tantoque</span> <span class='ocrx_word' id='word_1_69' title='bbox 1291 1269 1389 1314; x_wconf 85' lang='lat' dir='ltr'>exer-</span> <span class='ocrx_word' id='word_1_70' title='bbox 1514 1229 1518 1311; x_wconf 71' lang='grc' dir='ltr'>ἶ,</span> 
     </span>
     <span class='ocr_line' id='line_1_10' title="bbox 276 1347 1519 1438; baseline -0.002 -19"><span class='ocrx_word' id='word_1_71' title='bbox 276 1351 346 1420; x_wconf 91' lang='lat' dir='ltr'>citu</span> <span class='ocrx_word' id='word_1_72' title='bbox 366 1347 584 1417; x_wconf 89' lang='lat' dir='ltr'>metuendum</span> <span class='ocrx_word' id='word_1_73' title='bbox 611 1349 670 1433; x_wconf 89' lang='lat' dir='ltr'>sit,</span> <span class='ocrx_word' id='word_1_74' title='bbox 704 1348 804 1417; x_wconf 85' lang='lat' dir='ltr'>etiam</span> <span class='ocrx_word' id='word_1_75' title='bbox 824 1359 918 1418; x_wconf 90' lang='lat' dir='ltr'>metu</span> <span class='ocrx_word' id='word_1_76' title='bbox 940 1372 1007 1416; x_wconf 93' lang='lat' dir='ltr'>non</span> <span class='ocrx_word' id='word_1_77' title='bbox 1024 1349 1190 1418; x_wconf 86' lang='lat' dir='ltr'>mediocri</span> <span class='ocrx_word' id='word_1_78' title='bbox 1213 1349 1387 1438; x_wconf 86' lang='lat' dir='ltr'>impleant.</span> <span class='ocrx_word' id='word_1_79' title='bbox 1518 1359 1519 1370; x_wconf 51' lang='lat'>³</span> 
     </span>
     <span class='ocr_line' id='line_1_11' title="bbox 276 1451 1388 1543; baseline -0.002 -21"><span class='ocrx_word' id='word_1_80' title='bbox 276 1454 393 1543; x_wconf 82' lang='lat' dir='ltr'>Auget</span> <span class='ocrx_word' id='word_1_81' title='bbox 422 1460 533 1520; x_wconf 91' lang='lat' dir='ltr'>autem</span> <span class='ocrx_word' id='word_1_82' title='bbox 562 1460 688 1520; x_wconf 88' lang='lat' dir='ltr'>metum</span> <span class='ocrx_word' id='word_1_83' title='bbox 712 1451 835 1520; x_wconf 85' lang='lat' dir='ltr'>chorus</span> <span class='ocrx_word' id='word_1_84' title='bbox 855 1453 958 1542; x_wconf 86' lang='lat' dir='ltr'>ipse,</span> <span class='ocrx_word' id='word_1_85' title='bbox 998 1453 1219 1520; x_wconf 83' lang='lat' dir='ltr'>temeritatem</span> <span class='ocrx_word' id='word_1_86' title='bbox 1246 1460 1388 1543; x_wconf 81' lang='lat' dir='ltr'>tangens</span> 
     </span>
     <span class='ocr_line' id='line_1_12' title="bbox 277 1554 1521 1646; baseline -0.002 -22"><span class='ocrx_word' id='word_1_87' title='bbox 277 1555 392 1642; x_wconf 89' lang='lat' dir='ltr'>ducis,</span> <span class='ocrx_word' id='word_1_88' title='bbox 431 1554 655 1645; x_wconf 80' lang='lat' dir='ltr'>Hellesponto</span> <span class='ocrx_word' id='word_1_89' title='bbox 681 1554 800 1646; x_wconf 86' lang='lat' dir='ltr'>iugum</span> <span class='ocrx_word' id='word_1_90' title='bbox 825 1555 1000 1646; x_wconf 86' lang='lat' dir='ltr'>imponere</span> <span class='ocrx_word' id='word_1_91' title='bbox 1019 1555 1111 1640; x_wconf 88' lang='lat' dir='ltr'>ausi,</span> <span class='ocrx_word' id='word_1_92' title='bbox 1151 1555 1304 1642; x_wconf 81' lang='lat' dir='ltr'>iramque</span> <span class='ocrx_word' id='word_1_93' title='bbox 1323 1554 1389 1622; x_wconf 91' lang='lat' dir='ltr'>de-</span> <span class='ocrx_word' id='word_1_94' title='bbox 1520 1589 1521 1620; x_wconf 74' lang='lat' dir='ltr'>t</span> 
     </span>
     <span class='ocr_line' id='line_1_13' title="bbox 276 1657 1522 1750; baseline -0.001 -24"><span class='ocrx_word' id='word_1_95' title='bbox 276 1679 373 1727; x_wconf 89' lang='lat' dir='ltr'>orum</span> <span class='ocrx_word' id='word_1_96' title='bbox 400 1678 681 1741; x_wconf 89' lang='lat' dir='ltr'>commemorans,</span> <span class='ocrx_word' id='word_1_97' title='bbox 710 1658 905 1726; x_wconf 84' lang='lat' dir='ltr'>infestorum</span> <span class='ocrx_word' id='word_1_98' title='bbox 927 1659 1097 1750; x_wconf 78' lang='lat' dir='ltr'>superbis,</span> <span class='ocrx_word' id='word_1_99' title='bbox 1131 1665 1165 1726; x_wconf 91' lang='lat' dir='ltr'>et</span> <span class='ocrx_word' id='word_1_100' title='bbox 1187 1658 1322 1726; x_wconf 85' lang='lat' dir='ltr'>inanem</span> <span class='ocrx_word' id='word_1_101' title='bbox 1339 1657 1387 1725; x_wconf 86' lang='lat' dir='ltr'>li-</span> <span class='ocrx_word' id='word_1_102' title='bbox 1521 1665 1522 1670; x_wconf 75' lang='grc'>’</span> 
     </span>
     <span class='ocr_line' id='line_1_14' title="bbox 276 1760 1478 1851; baseline 0.007 -24"><span class='ocrx_word' id='word_1_103' title='bbox 276 1761 412 1829; x_wconf 88' lang='lat' dir='ltr'>duciam</span> <span class='ocrx_word' id='word_1_104' title='bbox 434 1760 581 1851; x_wconf 83' lang='lat' dir='ltr'>graviter</span> <span class='ocrx_word' id='word_1_105' title='bbox 594 1761 801 1841; x_wconf 71' lang='lat' dir='ltr'>fallentium</span> <span class='ocrx_word' id='word_1_106' title='bbox 823 1770 895 1830; x_wconf 89' lang='lat' dir='ltr'>tum</span> <span class='ocrx_word' id='word_1_107' title='bbox 921 1785 1014 1830; x_wconf 88' lang='lat' dir='ltr'>suam</span> <span class='ocrx_word' id='word_1_108' title='bbox 1035 1761 1109 1850; x_wconf 87' lang='lat' dir='ltr'>ipse</span> <span class='ocrx_word' id='word_1_109' title='bbox 1130 1761 1390 1830; x_wconf 85' lang='lat' dir='ltr'>sollicitudinem</span> <span class='ocrx_word' id='word_1_110' title='bbox 1475 1827 1478 1835; x_wconf 81' lang='grc'>,</span> 
     </span>
     <span class='ocr_line' id='line_1_15' title="bbox 276 1862 1390 1953; baseline 0.001 -23"><span class='ocrx_word' id='word_1_111' title='bbox 276 1863 469 1947; x_wconf 75' lang='lat' dir='ltr'>ostentione,</span> <span class='ocrx_word' id='word_1_112' title='bbox 503 1863 636 1932; x_wconf 85' lang='lat' dir='ltr'>civitate</span> <span class='ocrx_word' id='word_1_113' title='bbox 658 1862 835 1949; x_wconf 89' lang='lat' dir='ltr'>exhausta,</span> <span class='ocrx_word' id='word_1_114' title='bbox 869 1873 903 1932; x_wconf 94' lang='lat' dir='ltr'>et</span> <span class='ocrx_word' id='word_1_115' title='bbox 925 1863 1103 1932; x_wconf 77' lang='lat' dir='ltr'>solitudine</span> <span class='ocrx_word' id='word_1_116' title='bbox 1125 1865 1251 1953; x_wconf 83' lang='lat' dir='ltr'>ubique</span> <span class='ocrx_word' id='word_1_117' title='bbox 1273 1864 1390 1953; x_wconf 85' lang='lat' dir='ltr'>queri-</span> 
     </span>
     <span class='ocr_line' id='line_1_16' title="bbox 274 1959 1389 2036; baseline 0.001 -1"><span class='ocrx_word' id='word_1_118' title='bbox 274 1959 403 2035; x_wconf 83' lang='lat' dir='ltr'>monias</span> <span class='ocrx_word' id='word_1_119' title='bbox 428 1975 462 2034; x_wconf 88' lang='lat' dir='ltr'>ct</span> <span class='ocrx_word' id='word_1_120' title='bbox 483 1976 610 2034; x_wconf 88' lang='lat' dir='ltr'>metum</span> <span class='ocrx_word' id='word_1_121' title='bbox 632 1976 874 2036; x_wconf 86' lang='lat' dir='ltr'>commovente.</span> <span class='ocrx_word' id='word_1_122' title='bbox 926 1968 1042 2036; x_wconf 85' lang='lat' dir='ltr'>Habet</span> <span class='ocrx_word' id='word_1_123' title='bbox 1069 1976 1182 2035; x_wconf 87' lang='lat' dir='ltr'>autern</span> <span class='ocrx_word' id='word_1_124' title='bbox 1212 1967 1282 2036; x_wconf 92' lang='lat' dir='ltr'>hoc</span> <span class='ocrx_word' id='word_1_125' title='bbox 1310 1989 1389 2036; x_wconf 84' lang='lat' dir='ltr'>car·</span> 
     </span>
     <span class='ocr_line' id='line_1_17' title="bbox 275 2068 1390 2162; baseline 0 -24"><span class='ocrx_word' id='word_1_126' title='bbox 275 2093 371 2157; x_wconf 87' lang='lat' dir='ltr'>men,</span> <span class='ocrx_word' id='word_1_127' title='bbox 397 2068 498 2137; x_wconf 88' lang='lat' dir='ltr'>etiam</span> <span class='ocrx_word' id='word_1_128' title='bbox 521 2070 548 2138; x_wconf 92' lang='lat' dir='ltr'>si</span> <span class='ocrx_word' id='word_1_129' title='bbox 570 2094 590 2138; x_wconf 90' lang='lat' dir='ltr'>a</span> <span class='ocrx_word' id='word_1_130' title='bbox 611 2068 778 2138; x_wconf 87' lang='lat' dir='ltr'>dictorum</span> <span class='ocrx_word' id='word_1_131' title='bbox 792 2072 955 2162; x_wconf 79' lang='lat' dir='ltr'>gravitate</span> <span class='ocrx_word' id='word_1_132' title='bbox 968 2071 1130 2154; x_wconf 80' lang='lat' dir='ltr'>discedas,</span> <span class='ocrx_word' id='word_1_133' title='bbox 1157 2071 1268 2156; x_wconf 71' lang='lat' dir='ltr'>alitur,</span> <span class='ocrx_word' id='word_1_134' title='bbox 1294 2093 1390 2138; x_wconf 84' lang='lat' dir='ltr'>eam·-</span> 
     </span>
    </p>

    <p class='ocr_par' dir='ltr' id='par_1_4' title="bbox 229 2171 1390 4096">
     <span class='ocr_line' id='line_1_18' title="bbox 229 2171 1389 2264; baseline 0 -23"><span class='ocrx_word' id='word_1_135' title='bbox 229 2179 346 2264; x_wconf 84' lang='lat' dir='ltr'>lltqne</span> <span class='ocrx_word' id='word_1_136' title='bbox 367 2171 517 2240; x_wconf 89' lang='lat' dir='ltr'>nondum</span> <span class='ocrx_word' id='word_1_137' title='bbox 541 2173 807 2242; x_wconf 82' lang='lat' dir='ltr'>animadversam</span> <span class='ocrx_word' id='word_1_138' title='bbox 831 2174 1004 2258; x_wconf 77' lang='lat' dir='ltr'>virtutem,</span> <span class='ocrx_word' id='word_1_139' title='bbox 1047 2174 1139 2243; x_wconf 77' lang='lat' dir='ltr'>cuins</span> <span class='ocrx_word' id='word_1_140' title='bbox 1167 2175 1253 2244; x_wconf 80' lang='lat' dir='ltr'>mira</span> <span class='ocrx_word' id='word_1_141' title='bbox 1281 2195 1389 2262; x_wconf 84' lang='lat' dir='ltr'>quae-</span> 
     </span>
     <span class='ocr_line' id='line_1_19' title="bbox 274 2273 1388 2366; baseline -0.002 -22"><span class='ocrx_word' id='word_1_142' title='bbox 274 2273 355 2346; x_wconf 81' lang='lat' dir='ltr'>dam</span> <span class='ocrx_word' id='word_1_143' title='bbox 382 2278 418 2344; x_wconf 92' lang='lat' dir='ltr'>in</span> <span class='ocrx_word' id='word_1_144' title='bbox 446 2285 674 2366; x_wconf 87' lang='lat' dir='ltr'>spectatorum</span> <span class='ocrx_word' id='word_1_145' title='bbox 710 2278 826 2344; x_wconf 88' lang='lat' dir='ltr'>animis</span> <span class='ocrx_word' id='word_1_146' title='bbox 853 2278 1008 2348; x_wconf 84' lang='lat' dir='ltr'>efficacia</span> <span class='ocrx_word' id='word_1_147' title='bbox 1037 2277 1141 2348; x_wconf 79' lang='lat' dir='ltr'>inerit</span> <span class='ocrx_word' id='word_1_148' title='bbox 1167 2300 1301 2348; x_wconf 74' lang='lat' dir='ltr'>necesse</span> <span class='ocrx_word' id='word_1_149' title='bbox 1328 2285 1388 2344; x_wconf 89' lang='lat' dir='ltr'>est.</span> 
     </span>
     <span class='ocr_line' id='line_1_20' title="bbox 273 2379 1389 2472; baseline -0.002 -24"><span class='ocrx_word' id='word_1_150' title='bbox 273 2381 362 2448; x_wconf 90' lang='lat' dir='ltr'>Nam</span> <span class='ocrx_word' id='word_1_151' title='bbox 383 2401 452 2448; x_wconf 90' lang='lat' dir='ltr'>non</span> <span class='ocrx_word' id='word_1_152' title='bbox 471 2381 581 2448; x_wconf 91' lang='lat' dir='ltr'>solum</span> <span class='ocrx_word' id='word_1_153' title='bbox 593 2404 625 2447; x_wconf 75' lang='lat' dir='ltr'>a</span> <span class='ocrx_word' id='word_1_154' title='bbox 646 2379 790 2472; x_wconf 86' lang='lat' dir='ltr'>simplici</span> <span class='ocrx_word' id='word_1_155' title='bbox 811 2382 961 2451; x_wconf 91' lang='lat' dir='ltr'>oratione</span> <span class='ocrx_word' id='word_1_156' title='bbox 975 2381 1023 2450; x_wconf 87' lang='lat' dir='ltr'>ad</span> <span class='ocrx_word' id='word_1_157' title='bbox 1032 2381 1245 2450; x_wconf 87' lang='lat' dir='ltr'>modulatam</span> <span class='ocrx_word' id='word_1_158' title='bbox 1266 2380 1389 2448; x_wconf 89' lang='lat' dir='ltr'>recita-</span> 
     </span>
     <span class='ocr_line' id='line_1_21' title="bbox 271 2483 1389 2574; baseline 0.001 -24"><span class='ocrx_word' id='word_1_159' title='bbox 271 2484 416 2568; x_wconf 88' lang='lat' dir='ltr'>tionem,</span> <span class='ocrx_word' id='word_1_160' title='bbox 442 2491 477 2550; x_wconf 86' lang='lat' dir='ltr'>et</span> <span class='ocrx_word' id='word_1_161' title='bbox 500 2483 544 2550; x_wconf 88' lang='lat' dir='ltr'>ab</span> <span class='ocrx_word' id='word_1_162' title='bbox 568 2483 636 2552; x_wconf 86' lang='lat' dir='ltr'>hac</span> <span class='ocrx_word' id='word_1_163' title='bbox 660 2484 704 2551; x_wconf 86' lang='lat' dir='ltr'>ad</span> <span class='ocrx_word' id='word_1_164' title='bbox 717 2494 852 2555; x_wconf 90' lang='lat' dir='ltr'>cantum</span> <span class='ocrx_word' id='word_1_165' title='bbox 873 2486 1045 2570; x_wconf 84' lang='lat' dir='ltr'>transitur,</span> <span class='ocrx_word' id='word_1_166' title='bbox 1072 2485 1131 2553; x_wconf 86' lang='lat' dir='ltr'>sed</span> <span class='ocrx_word' id='word_1_167' title='bbox 1153 2486 1251 2552; x_wconf 88' lang='lat' dir='ltr'>etiam</span> <span class='ocrx_word' id='word_1_168' title='bbox 1265 2505 1389 2574; x_wconf 85' lang='lat' dir='ltr'>perso-</span> 
     </span>
     <span class='ocr_line' id='line_1_22' title="bbox 274 2585 1390 2675; baseline -0.001 -22"><span class='ocrx_word' id='word_1_169' title='bbox 274 2607 393 2654; x_wconf 88' lang='lat' dir='ltr'>narum</span> <span class='ocrx_word' id='word_1_170' title='bbox 407 2587 497 2654; x_wconf 83' lang='lat' dir='ltr'>vices</span> <span class='ocrx_word' id='word_1_171' title='bbox 513 2585 560 2652; x_wconf 84' lang='lat' dir='ltr'>ita</span> <span class='ocrx_word' id='word_1_172' title='bbox 580 2587 644 2655; x_wconf 89' lang='lat' dir='ltr'>sibi</span> <span class='ocrx_word' id='word_1_173' title='bbox 659 2587 860 2671; x_wconf 81' lang='lat' dir='ltr'>succedunt,</span> <span class='ocrx_word' id='word_1_174' title='bbox 884 2597 921 2654; x_wconf 87' lang='lat' dir='ltr'>ut</span> <span class='ocrx_word' id='word_1_175' title='bbox 935 2587 1094 2675; x_wconf 82' lang='lat' dir='ltr'>deinceps</span> <span class='ocrx_word' id='word_1_176' title='bbox 1115 2588 1226 2652; x_wconf 87' lang='lat' dir='ltr'>omnia</span> <span class='ocrx_word' id='word_1_177' title='bbox 1241 2597 1275 2652; x_wconf 86' lang='lat' dir='ltr'>et</span> <span class='ocrx_word' id='word_1_178' title='bbox 1290 2607 1390 2653; x_wconf 88' lang='lat' dir='ltr'>com-</span> 
     </span>
     <span class='ocr_line' id='line_1_23' title="bbox 274 2685 1390 2778; baseline -0.002 -22"><span class='ocrx_word' id='word_1_179' title='bbox 274 2689 419 2756; x_wconf 89' lang='lat' dir='ltr'>motiora</span> <span class='ocrx_word' id='word_1_180' title='bbox 445 2695 479 2754; x_wconf 91' lang='lat' dir='ltr'>et</span> <span class='ocrx_word' id='word_1_181' title='bbox 502 2685 732 2776; x_wconf 89' lang='lat' dir='ltr'>splendidiora</span> <span class='ocrx_word' id='word_1_182' title='bbox 752 2689 843 2754; x_wconf 84' lang='lat' dir='ltr'>fiant</span> <span class='ocrx_word' id='word_1_183' title='bbox 894 2688 1028 2756; x_wconf 87' lang='lat' dir='ltr'>Etenim</span> <span class='ocrx_word' id='word_1_184' title='bbox 1049 2709 1090 2754; x_wconf 82' lang='lat' dir='ltr'>ex</span> <span class='ocrx_word' id='word_1_185' title='bbox 1114 2686 1219 2754; x_wconf 82' lang='lat' dir='ltr'>tribur</span> <span class='ocrx_word' id='word_1_186' title='bbox 1236 2688 1390 2778; x_wconf 80' lang='lat' dir='ltr'>partibus</span> 
     </span>
     <span class='ocr_line' id='line_1_24' title="bbox 274 2789 1389 2882; baseline 0.001 -25"><span class='ocrx_word' id='word_1_187' title='bbox 274 2789 344 2859; x_wconf 88' lang='lat' dir='ltr'>hoc</span> <span class='ocrx_word' id='word_1_188' title='bbox 365 2811 501 2858; x_wconf 85' lang='lat' dir='ltr'>cannen</span> <span class='ocrx_word' id='word_1_189' title='bbox 524 2797 670 2873; x_wconf 86' lang='lat' dir='ltr'>constat,</span> <span class='ocrx_word' id='word_1_190' title='bbox 703 2811 846 2878; x_wconf 88' lang='lat' dir='ltr'>quarum</span> <span class='ocrx_word' id='word_1_191' title='bbox 867 2790 902 2857; x_wconf 92' lang='lat' dir='ltr'>in</span> <span class='ocrx_word' id='word_1_192' title='bbox 917 2792 1046 2882; x_wconf 84' lang='lat' dir='ltr'>prima,</span> <span class='ocrx_word' id='word_1_193' title='bbox 1083 2790 1179 2880; x_wconf 93' lang='lat' dir='ltr'>quod</span> <span class='ocrx_word' id='word_1_194' title='bbox 1209 2791 1389 2882; x_wconf 84' lang='lat' dir='ltr'>proprium</span> 
     </span>
     <span class='ocr_line' id='line_1_25' title="bbox 274 2892 1389 2985; baseline 0.001 -24"><span class='ocrx_word' id='word_1_195' title='bbox 274 2915 345 2961; x_wconf 85' lang='lat' dir='ltr'>esse</span> <span class='ocrx_word' id='word_1_196' title='bbox 368 2901 624 2982; x_wconf 87' lang='lat' dir='ltr'>anapaestorum</span> <span class='ocrx_word' id='word_1_197' title='bbox 645 2892 747 2976; x_wconf 81' lang='lat' dir='ltr'>solet,</span> <span class='ocrx_word' id='word_1_198' title='bbox 772 2893 862 2961; x_wconf 92' lang='lat' dir='ltr'>solus</span> <span class='ocrx_word' id='word_1_199' title='bbox 882 2894 1031 2982; x_wconf 82' lang='lat' dir='ltr'>loquitur</span> <span class='ocrx_word' id='word_1_200' title='bbox 1046 2893 1271 2985; x_wconf 70' lang='lat' dir='ltr'>coryphaeus.</span> <span class='ocrx_word' id='word_1_201' title='bbox 1322 2893 1389 2962; x_wconf 85' lang='lat' dir='ltr'>Se-</span> 
     </span>
     <span class='ocr_line' id='line_1_26' title="bbox 275 2995 1388 3088; baseline 0.001 -23"><span class='ocrx_word' id='word_1_202' title='bbox 275 2996 421 3066; x_wconf 86' lang='lat' dir='ltr'>cundam</span> <span class='ocrx_word' id='word_1_203' title='bbox 437 3003 587 3086; x_wconf 86' lang='lat' dir='ltr'>partem,</span> <span class='ocrx_word' id='word_1_204' title='bbox 612 2995 649 3062; x_wconf 87' lang='lat' dir='ltr'>id</span> <span class='ocrx_word' id='word_1_205' title='bbox 668 2995 763 3084; x_wconf 90' lang='lat' dir='ltr'>quod</span> <span class='ocrx_word' id='word_1_206' title='bbox 784 2996 894 3087; x_wconf 87' lang='lat' dir='ltr'>ipsum</span> <span class='ocrx_word' id='word_1_207' title='bbox 916 3019 957 3064; x_wconf 83' lang='lat' dir='ltr'>ex</span> <span class='ocrx_word' id='word_1_208' title='bbox 976 2998 1089 3064; x_wconf 86' lang='lat' dir='ltr'>metris</span> <span class='ocrx_word' id='word_1_209' title='bbox 1104 2997 1298 3088; x_wconf 81' lang='lat' dir='ltr'>colligitur,</span> <span class='ocrx_word' id='word_1_210' title='bbox 1324 2997 1388 3066; x_wconf 89' lang='lat' dir='ltr'>ali-</span> 
     </span>
     <span class='ocr_line' id='line_1_27' title="bbox 275 3097 1387 3190; baseline 0 -24"><span class='ocrx_word' id='word_1_211' title='bbox 275 3101 396 3189; x_wconf 85' lang='lat' dir='ltr'>quiex</span> <span class='ocrx_word' id='word_1_212' title='bbox 428 3097 536 3168; x_wconf 84' lang='lat' dir='ltr'>choro</span> <span class='ocrx_word' id='word_1_213' title='bbox 559 3121 671 3187; x_wconf 87' lang='lat' dir='ltr'>senes,</span> <span class='ocrx_word' id='word_1_214' title='bbox 713 3099 943 3187; x_wconf 89' lang='lat' dir='ltr'>colloquentes</span> <span class='ocrx_word' id='word_1_215' title='bbox 970 3100 1058 3168; x_wconf 88' lang='lat' dir='ltr'>inter</span> <span class='ocrx_word' id='word_1_216' title='bbox 1081 3124 1134 3185; x_wconf 86' lang='lat' dir='ltr'>se,</span> <span class='ocrx_word' id='word_1_217' title='bbox 1169 3122 1255 3172; x_wconf 86' lang='lat' dir='ltr'>voce</span> <span class='ocrx_word' id='word_1_218' title='bbox 1276 3101 1387 3190; x_wconf 83' lang='lat' dir='ltr'>magis</span> 
     </span>
     <span class='ocr_line' id='line_1_28' title="bbox 273 3202 1387 3286; baseline 0 -16"><span class='ocrx_word' id='word_1_219' title='bbox 273 3202 448 3270; x_wconf 87' lang='lat' dir='ltr'>modulata</span> <span class='ocrx_word' id='word_1_220' title='bbox 469 3202 619 3272; x_wconf 89' lang='lat' dir='ltr'>recitant.</span> <span class='ocrx_word' id='word_1_221' title='bbox 661 3202 746 3270; x_wconf 90' lang='lat' dir='ltr'>Sunt</span> <span class='ocrx_word' id='word_1_222' title='bbox 769 3204 857 3271; x_wconf 89' lang='lat' dir='ltr'>enim</span> <span class='ocrx_word' id='word_1_223' title='bbox 872 3226 985 3272; x_wconf 70' lang='lat' dir='ltr'>vesus</span> <span class='ocrx_word' id='word_1_224' title='bbox 1010 3203 1063 3270; x_wconf 92' lang='lat' dir='ltr'>illi</span> <span class='ocrx_word' id='word_1_225' title='bbox 1076 3203 1185 3274; x_wconf 83' lang='lat' dir='ltr'>Ionici</span> <span class='ocrx_word' id='word_1_226' title='bbox 1204 3226 1226 3271; x_wconf 86' lang='lat' dir='ltr'>a</span> <span class='ocrx_word' id='word_1_227' title='bbox 1245 3203 1387 3286; x_wconf 88' lang='lat' dir='ltr'>minore,</span> 
     </span>
     <span class='ocr_line' id='line_1_29' title="bbox 276 3303 1387 3397; baseline 0.003 -24"><span class='ocrx_word' id='word_1_228' title='bbox 276 3304 372 3395; x_wconf 93' lang='lat' dir='ltr'>quod</span> <span class='ocrx_word' id='word_1_229' title='bbox 392 3327 497 3396; x_wconf 82' lang='lat' dir='ltr'>genus</span> <span class='ocrx_word' id='word_1_230' title='bbox 514 3305 629 3388; x_wconf 88' lang='lat' dir='ltr'>metri,</span> <span class='ocrx_word' id='word_1_231' title='bbox 652 3314 691 3372; x_wconf 93' lang='lat' dir='ltr'>ut</span> <span class='ocrx_word' id='word_1_232' title='bbox 708 3307 836 3395; x_wconf 84' lang='lat' dir='ltr'>reliqua</span> <span class='ocrx_word' id='word_1_233' title='bbox 859 3316 1055 3397; x_wconf 80' lang='lat' dir='ltr'>systemata,</span> <span class='ocrx_word' id='word_1_234' title='bbox 1081 3328 1169 3396; x_wconf 86' lang='lat' dir='ltr'>quae</span> <span class='ocrx_word' id='word_1_235' title='bbox 1188 3310 1224 3388; x_wconf 75' lang='grc' dir='ltr'>ἐξ</span> <span class='ocrx_word' id='word_1_236' title='bbox 1249 3303 1387 3397; x_wconf 70' lang='grc' dir='ltr'>ὁμοίων</span> 
     </span>
     <span class='ocr_line' id='line_1_30' title="bbox 269 3405 1388 3512; baseline -0.002 -34"><span class='ocrx_word' id='word_1_237' title='bbox 269 3418 452 3512; x_wconf 36' lang='lat' dir='ltr'>luceretur,</span> <span class='ocrx_word' id='word_1_238' title='bbox 491 3415 627 3497; x_wconf 87' lang='lat' dir='ltr'>praeter</span> <span class='ocrx_word' id='word_1_239' title='bbox 642 3419 854 3498; x_wconf 84' lang='lat' dir='ltr'>anapaestos,</span> <span class='ocrx_word' id='word_1_240' title='bbox 882 3410 1073 3500; x_wconf 88' lang='lat' dir='ltr'>colloquiis,</span> <span class='ocrx_word' id='word_1_241' title='bbox 1109 3410 1247 3479; x_wconf 87' lang='lat' dir='ltr'>sirecte</span> <span class='ocrx_word' id='word_1_242' title='bbox 1268 3405 1388 3476; x_wconf 78' lang='lat' dir='ltr'>obser-</span> 
     </span>
     <span class='ocr_line' id='line_1_31' title="bbox 274 3511 1388 3603; baseline -0.004 -20"><span class='ocrx_word' id='word_1_243' title='bbox 274 3513 368 3599; x_wconf 78' lang='lat' dir='ltr'>vari,</span> <span class='ocrx_word' id='word_1_244' title='bbox 397 3511 487 3603; x_wconf 90' lang='lat' dir='ltr'>(sunt</span> <span class='ocrx_word' id='word_1_245' title='bbox 502 3519 614 3579; x_wconf 88' lang='lat' dir='ltr'>auteur</span> <span class='ocrx_word' id='word_1_246' title='bbox 627 3511 749 3595; x_wconf 89' lang='lat' dir='ltr'>multa,</span> <span class='ocrx_word' id='word_1_247' title='bbox 774 3534 862 3601; x_wconf 90' lang='lat' dir='ltr'>quae</span> <span class='ocrx_word' id='word_1_248' title='bbox 884 3535 960 3580; x_wconf 89' lang='lat' dir='ltr'>eam</span> <span class='ocrx_word' id='word_1_249' title='bbox 976 3513 1244 3581; x_wconf 81' lang='lat' dir='ltr'>observationem</span> <span class='ocrx_word' id='word_1_250' title='bbox 1261 3511 1388 3584; x_wconf 87' lang='lat' dir='ltr'>confir·</span> 
     </span>
     <span class='ocr_line' id='line_1_32' title="bbox 272 3614 1376 3709; baseline -0.005 -23"><span class='ocrx_word' id='word_1_251' title='bbox 272 3618 381 3708; x_wconf 81' lang='lat' dir='ltr'>ment)</span> <span class='ocrx_word' id='word_1_252' title='bbox 409 3615 607 3684; x_wconf 83' lang='lat' dir='ltr'>destinatum</span> <span class='ocrx_word' id='word_1_253' title='bbox 626 3623 685 3682; x_wconf 87' lang='lat' dir='ltr'>est.</span> <span class='ocrx_word' id='word_1_254' title='bbox 737 3615 855 3683; x_wconf 89' lang='lat' dir='ltr'>Tertia</span> <span class='ocrx_word' id='word_1_255' title='bbox 877 3614 1023 3706; x_wconf 86' lang='lat' dir='ltr'>denique</span> <span class='ocrx_word' id='word_1_256' title='bbox 1041 3639 1138 3709; x_wconf 87' lang='lat' dir='ltr'>pars,</span> <span class='ocrx_word' id='word_1_257' title='bbox 1170 3637 1259 3707; x_wconf 83' lang='lat' dir='ltr'>quae</span> <span class='ocrx_word' id='word_1_258' title='bbox 1284 3635 1376 3707; x_wconf 89' lang='lat' dir='ltr'>pror·</span> 
     </span>
     <span class='ocr_line' id='line_1_33' title="bbox 272 3716 1386 3810; baseline -0.004 -22"><span class='ocrx_word' id='word_1_259' title='bbox 272 3743 326 3788; x_wconf 84' lang='lat' dir='ltr'>sus</span> <span class='ocrx_word' id='word_1_260' title='bbox 344 3720 448 3788; x_wconf 86' lang='lat' dir='ltr'>alium</span> <span class='ocrx_word' id='word_1_261' title='bbox 473 3716 587 3786; x_wconf 88' lang='lat' dir='ltr'>habet</span> <span class='ocrx_word' id='word_1_262' title='bbox 603 3719 770 3798; x_wconf 84' lang='lat' dir='ltr'>colorem,</span> <span class='ocrx_word' id='word_1_263' title='bbox 786 3721 914 3810; x_wconf 68' lang='lat' dir='ltr'>&#39;aperte</span> <span class='ocrx_word' id='word_1_264' title='bbox 930 3730 1129 3792; x_wconf 86' lang='lat' dir='ltr'>concentum</span> <span class='ocrx_word' id='word_1_265' title='bbox 1148 3719 1294 3790; x_wconf 87' lang='lat' dir='ltr'>continet</span> <span class='ocrx_word' id='word_1_266' title='bbox 1309 3717 1386 3785; x_wconf 90' lang='lat' dir='ltr'>uni-</span> 
     </span>
     <span class='ocr_line' id='line_1_34' title="bbox 272 3821 1386 3915; baseline -0.001 -27"><span class='ocrx_word' id='word_1_267' title='bbox 272 3823 358 3889; x_wconf 79' lang='lat' dir='ltr'>versi</span> <span class='ocrx_word' id='word_1_268' title='bbox 374 3821 487 3890; x_wconf 83' lang='lat' dir='ltr'>chori:</span> <span class='ocrx_word' id='word_1_269' title='bbox 511 3821 558 3888; x_wconf 90' lang='lat' dir='ltr'>ita</span> <span class='ocrx_word' id='word_1_270' title='bbox 580 3830 618 3888; x_wconf 91' lang='lat' dir='ltr'>nt</span> <span class='ocrx_word' id='word_1_271' title='bbox 643 3822 742 3889; x_wconf 91' lang='lat' dir='ltr'>etiam</span> <span class='ocrx_word' id='word_1_272' title='bbox 764 3822 809 3890; x_wconf 89' lang='lat' dir='ltr'>ad</span> <span class='ocrx_word' id='word_1_273' title='bbox 835 3823 952 3894; x_wconf 90' lang='lat' dir='ltr'>oculos</span> <span class='ocrx_word' id='word_1_274' title='bbox 973 3846 1137 3914; x_wconf 89' lang='lat' dir='ltr'>auresque</span> <span class='ocrx_word' id='word_1_275' title='bbox 1159 3830 1386 3915; x_wconf 65' lang='lat' dir='ltr'>spemtorum</span> 
     </span>
     <span class='ocr_line' id='line_1_35' title="bbox 270 3923 1387 4016; baseline -0.002 -24"><span class='ocrx_word' id='word_1_276' title='bbox 270 3923 331 3992; x_wconf 92' lang='lat' dir='ltr'>illa</span> <span class='ocrx_word' id='word_1_277' title='bbox 349 3926 527 3993; x_wconf 86' lang='lat' dir='ltr'>Persarum</span> <span class='ocrx_word' id='word_1_278' title='bbox 546 3945 663 3992; x_wconf 90' lang='lat' dir='ltr'>senum</span> <span class='ocrx_word' id='word_1_279' title='bbox 683 3923 844 4016; x_wconf 84' lang='lat' dir='ltr'>ingressio</span> <span class='ocrx_word' id='word_1_280' title='bbox 867 3927 987 3994; x_wconf 84' lang='lat' dir='ltr'>sensim</span> <span class='ocrx_word' id='word_1_281' title='bbox 1015 3927 1201 4014; x_wconf 85' lang='lat' dir='ltr'>sensimque</span> <span class='ocrx_word' id='word_1_282' title='bbox 1234 3923 1387 4016; x_wconf 88' lang='lat' dir='ltr'>splendi-</span> 
     </span>
     <span class='ocr_line' id='line_1_36' title="bbox 273 4026 517 4096; baseline -0.004 -1"><span class='ocrx_word' id='word_1_283' title='bbox 273 4026 350 4096; x_wconf 89' lang='lat' dir='ltr'>dior</span> <span class='ocrx_word' id='word_1_284' title='bbox 374 4028 517 4096; x_wconf 87' lang='lat' dir='ltr'>accidat.</span> 
     </span>
    </p>

    <p class='ocr_par' dir='ltr' id='par_1_5' title="bbox 271 4127 1387 4430">
     <span class='ocr_line' id='line_1_37' title="bbox 374 4127 1385 4223; baseline 0 -27"><span class='ocrx_word' id='word_1_285' title='bbox 374 4128 459 4198; x_wconf 86' lang='lat' dir='ltr'>Inde</span> <span class='ocrx_word' id='word_1_286' title='bbox 477 4147 607 4198; x_wconf 89' lang='lat' dir='ltr'>rursum</span> <span class='ocrx_word' id='word_1_287' title='bbox 631 4127 862 4222; x_wconf 81' lang='lat' dir='ltr'>coryphaeus,</span> <span class='ocrx_word' id='word_1_288' title='bbox 887 4153 999 4221; x_wconf 89' lang='lat' dir='ltr'>panca</span> <span class='ocrx_word' id='word_1_289' title='bbox 1012 4131 1196 4223; x_wconf 87' lang='lat' dir='ltr'>anapaestis</span> <span class='ocrx_word' id='word_1_290' title='bbox 1216 4131 1385 4219; x_wconf 88' lang='lat' dir='ltr'>loquutus,</span> 
     </span>
     <span class='ocr_line' id='line_1_38' title="bbox 272 4231 1387 4327; baseline -0.004 -24"><span class='ocrx_word' id='word_1_291' title='bbox 272 4231 497 4327; x_wconf 88' lang='lat' dir='ltr'>prodeuntem</span> <span class='ocrx_word' id='word_1_292' title='bbox 519 4255 560 4300; x_wconf 86' lang='lat' dir='ltr'>err</span> <span class='ocrx_word' id='word_1_293' title='bbox 586 4233 724 4301; x_wconf 90' lang='lat' dir='ltr'>aedibus</span> <span class='ocrx_word' id='word_1_294' title='bbox 751 4233 867 4326; x_wconf 80' lang='lat' dir='ltr'>regiis</span> <span class='ocrx_word' id='word_1_295' title='bbox 880 4234 1050 4326; x_wconf 83' lang='lat' dir='ltr'>reginam,</span> <span class='ocrx_word' id='word_1_296' title='bbox 1090 4258 1156 4327; x_wconf 89' lang='lat' dir='ltr'>pro</span> <span class='ocrx_word' id='word_1_297' title='bbox 1185 4233 1387 4325; x_wconf 70' lang='lat' dir='ltr'>dignationis</span> 
     </span>
     <span class='ocr_line' id='line_1_39' title="bbox 271 4333 1387 4430; baseline -0.003 -24"><span class='ocrx_word' id='word_1_298' title='bbox 271 4337 360 4406; x_wconf 90' lang='lat' dir='ltr'>illius</span> <span class='ocrx_word' id='word_1_299' title='bbox 380 4336 571 4420; x_wconf 84' lang='lat' dir='ltr'>maiestate,</span> <span class='ocrx_word' id='word_1_300' title='bbox 595 4333 782 4422; x_wconf 84' lang='lat' dir='ltr'>trochaeis,</span> <span class='ocrx_word' id='word_1_301' title='bbox 808 4336 988 4429; x_wconf 90' lang='lat' dir='ltr'>splendido</span> <span class='ocrx_word' id='word_1_302' title='bbox 1012 4348 1047 4408; x_wconf 92' lang='lat' dir='ltr'>et</span> <span class='ocrx_word' id='word_1_303' title='bbox 1061 4348 1173 4408; x_wconf 84' lang='lat' dir='ltr'>motus</span> <span class='ocrx_word' id='word_1_304' title='bbox 1195 4337 1300 4427; x_wconf 88' lang='lat' dir='ltr'>pleno</span> <span class='ocrx_word' id='word_1_305' title='bbox 1320 4359 1387 4430; x_wconf 78' lang='lat' dir='ltr'>ge-</span> 
     </span>
    </p>
   </div>
   <div class='ocr_carea' id='block_1_3' title="bbox 0 0 1544 5026">
    <p class='ocr_par' dir='ltr' id='par_1_6' title="bbox 0 0 1544 5026">
     <span class='ocr_line' id='line_1_40' title="bbox 0 0 1544 5026; baseline 0 1"><span class='ocrx_word' id='word_1_306' title='bbox 0 0 1544 5026; x_wconf 95' lang='lat' dir='ltr'> </span> 
     </span>
    </p>
   </div>
  </div>
 </body>
</html>
