3080 5054
424 300 986 450 arrenraurnr'svuarr.
1200 367 1266 435 eoo
1351 317 1353 326 ’

147 536 209 606 illa
225 533 399 624 Europla,
424 533 600 626 Bugonia,
626 528 793 624 Nilusne,
820 553 965 623 qnorum
987 534 1047 623 qui
1062 535 1267 606 mentionem

147 638 232 708 facit
250 637 446 706 scholiastes
462 639 599 706 Pindari
615 639 660 706 ad
685 637 741 708 01.
765 638 859 706 Χ111.
881 637 940 706 31.
960 637 1059 728 ’apud
1081 661 1158 732 eum
1175 638 1265 710 male
1305 673 1310 682 ·

146 741 360 832 Eumolpum
387 761 452 833 pro
480 741 627 810 Eumelo
656 743 821 812 nominari
849 740 917 813 iani
942 741 1116 831 Gyraldus
1142 743 1266 832 aliique

147 845 321 926 viderunt3
370 853 442 913 turn
483 845 771 930 Titanomaehia,
806 867 907 934 quam
949 845 1144 914 Athenaeus
1188 845 1266 914 Vll.

146 971 184 1041 p.
199 947 285 1020 277.
312 947 355 1016 D.
379 947 520 1019 dubium
537 969 605 1016 esse
622 948 764 1032 indicat,
790 959 902 1018 utrum
917 948 1079 1017 Eumelus
1093 971 1140 1016 au
1154 948 1267 1018 Areti-

147 1075 210 1121 nus
230 1051 358 1120 feeerit.
408 1052 517 1118 Porro
535 1074 642 1144 prosa,
660 1052 812 1125 oratione
832 1048 973 1142 seriptus
996 1052 1083 1120 liber
1101 1043 1145 1120 de
1167 1053 1267 1120 rebus

148 1153 352 1239 coenabis,
378 1175 487 1242 quem,
503 1155 682 1224 Pausanias
699 1155 743 1222 Il.
772 1153 813 1238 l,
840 1154 875 1222 1.
907 1155 1037 1224 dubitat
1050 1178 1103 1226 -an
1134 1154 1266 1222 nonsit

147 1258 295 1328 Eumeli.
336 1245 597 1349 'Theogoniam
614 1258 760 1330 Hesiodi
784 1259 829 1329 ab
852 1257 1009 1338 Eumelo.
1026 1259 1061 1326 in
1078 1260 1265 1328 orationem

147 1383 288 1453 prosam
309 1361 500 1434 translatam
527 1385 598 1430 esse
617 1362 674 1433 ait·
687 1362 843 1438 Clemens
864 1357 1112 1433 Alexandrinus
1138 1362 1264 1436 Strom.

148 1465 221 1534 Vl,
240 1485 281 1554 p,
316 1462 402 1532 629.
442 1467 485 1537 Α.
520 1465 590 1555 qui'
606 1487 685 1544 eum
717 1487 794 1538 eum
825 1465 983 1535 Aousilao
1010 1464 1199 1549 consociat,
1232 1473 1268 1532 et

149 1567 268 1636 ambos
283 1567 716 1660 voeathistorr'ographos,
732 1577 772 1646 ut
790 1567 979 1639 dubitatum
1003 1568 1061 1652 sit,
1087 1591 1131 1636 au
1153 1567 1266 1636 diver-

149 1693 233 1766 sum,
246 1671 289 1738 ab
313 1671 373 1738 illo
397 1670 575 1740 Corinthio
596 1673 743 1741 Eumelo
762 1673 907 1741 voluerit
925 1671 1076 1762 intelligi.
1131 1671 1266 1745 Salma-

149 1773 214 1842 sius
235 1773 373 1863 quidem
396 1784 513 1867 'aperte
536 1775 675 1859 erravit,
710 1797 816 1866 quum
843 1774 915 1844 boe
942 1774 1130 1844 testimoru‘o
1160 1775 1266 1844 fretus

147 1875 326 1969 Bugoniae
348 1901 471 1948 nomen
497 1887 692 1973 corruptum
722 1902 791 1948 esse
817 1901 858 1946 ex
881 1879 1016 1948 nomine
1039 1877 1266 1977 Theogopiae

148 1980 329 2050 contendit.
380 1982 452 2049 lam
476 2006 582 2072 quum
607 1991 658 2050 tot
678 1982 827 2066 diversa,
860 1991 924 2071 et„
947 1991 985 2050 ut
1013 1981 1163 2071 videtur,
1201 2005 1265 2049 an-

59 2123 61 2130 1
147 2087 292 2154 olorum'
307 2083 407 2150 etiam
431 2084 638 2160 diversorum
659 2087 783 2174 scripta
808 2087 953 2152 Eumelo
980 2085 1185 2169 tribuantur,
1209 2084 1266 2152 fa-

148 2185 215 2255 cile
235 2178 451 2276 intelligitur,
477 2186 577 2254 valde
591 2186 755 2253 incertum
772 2208 842 2252 esse
861 2186 1027 2258 iudicium
1035 2186 1080 2254 de
1098 2185 1263 2256 eiusmodi
1271 2195 1312 2257 18

146 2311 204 2373 re,
230 2310 318 2376 quae
332 2311 443 2377 neque
466 2289 500 2356 iu
514 2311 661 2377 quonam
676 2289 814 2356 illorum
829 2288 994 2359 librorum
1009 2289 1133 2377 scripta
1150 2289 1266 2374 fuerit,

148 2399 294 2478 condet,
319 2414 429 2481 neque
454 2391 665 2483 ipsis‘rerbis
687 2391 841 2477 Eumeli,
876 2389 1026 2478 quisquis
1046 2391 1104 2458 ille
1127 2392 1183 2475 sit,
1208 2413 1267 2459 re-

145 2495 283 2562 feratur.
335 2495 378 2563 ld
398 2495 550 2563 videmus
572 2502 684 2562 autem
705 2493 834 2560 iactum
851 2493 888 2562 in
909 2492 982 2576 his,
1009 2515 1096 2580 qnae
1121 2494 1266 2562 Tzetzes

148 2606 183 2666 et
195 2597 351 2667 Eudooia
368 2607 402 2666 et
421 2599 648 2690 fragmentum
671 2596 758 2664 illud
774 2597 996 2687 Hispanicum
1013 2595 1057 2664 de
1071 2595 1178 2674 Musis
1195 2605 1267 2664 tra·
1352 2616 1354 2622 ’

149 2699 251 2767 dunt:
288 2697 456 2798 Εὔμηλος
478 2703 610 2794 μέντοι
636 2696 656 2772 ὁ
688 2699 894 2795 Κορίνθιος
916 2705 1011 2795 τρεῖς
1044 2700 1150 2797 φησὶν
1172 2695 1267 2773 εἶναι

147 2796 214 2882 ταῖς
252 2799 409 2884 Μούσας
417 2859 432 2894 ,
486 2802 693 2898 θυγατέρας
738 2797 985 2902 'Auditorum
1034 2803 1265 2900 Kpproooriu,

146 2899 415 2995 Ἀπολλωνίδα,
449 2897 720 3004 Βαρνσθενίδα.
771 2906 890 2996 ltaque
911 2929 1033 2996 parurn
1057 2908 1267 2976 considerate

147 3006 369 3080 Ilubulrenius
392 3010 427 3077 in
447 3012 540 3102 Epp.
569 3010 642 3080 crit.
672 3031 708 3099 p.
727 3007 813 3076 222.
836 3010 994 3080 eumdem
1016 3009 1198 3082 Eumelum
1220 3007 1268 3074 ait

147 3111 325 3202 vulgarem
357 3111 538 3182 Musarum
575 3113 814 3202 genealogiam
850 3121 1028 3198 sequutum
1068 3133 1139 3180 esse
1171 3108 1267 3203 apud

148 3211 357 3286 Olementem
378 3215 503 3283 Strom.
525 3213 583 3282 Vl.
604 3235 640 3304 p.
659 3213 745 3280 742.
766 3210 873 3302 (621.
887 3213 948 3302 D.)

222 3359 471 3466 Μνημοσύνης
491 3363 550 3440 uui
569 3357 684 3460 Ζηνός
698 3360 902 3459 Ὀλυμπίαν
918 3351 1020 3438 ἐννέα
1036 3361 1179 3464 κοῦραι.

147 3520 237 3590 Nam
259 3519 351 3589 rrnde
374 3527 521 3604 constat,
548 3517 707 3596 eumdem
729 3519 823 3590 hune
844 3509 915 3588 es'se
935 3520 1136 3602 Eumelum,
1161 3540 1267 3608 quum

147 3631 218 3692 tarn
231 3623 395 3694 insertum
417 3623 474 3709 sit,
499 3645 587 3711 quae
608 3623 760 3714 genuina
775 3626 838 3691 siut
855 3623 977 3714 scripta
992 3621 1152 3692 Eumeli?
1177 3621 1267 3690 Cae-

146 3734 258 3794 terum
273 3726 429 3819 Scaliger
447 3724 492 3794 ad
510 3726 695 3794 Eusebium
708 3751 745 3819 p.
763 3726 823 3794 tl.
841 3726 1024 3795 memoriae
1039 3747 1152 3794 errore
1174 3723 1267 3795 hune

148 3851 282 3900 versum
308 3831 356 3901 ita
378 3831 541 3921 seriptum
561 3829 680 3914 affert,
709 3831 881 3923 repositis,
908 3853 991 3920 quas
1013 3828 1174 3922 genuinas
1194 3851 1267 3904 esse

148 3955 190 4001 ex
204 3934 371 4003 Pausania
392 3935 600 4026 collegerat,
626 3933 759 4003 Dorieis
786 3933 921 4002 formis:

223 4080 478 4182 Μναμοσύνας
500 4085 561 4161 ναὶ
576 4081 695 4170 Ζανός
712 4057 916 4182 'Olvpuioo
934 4079 1054 4180 αἱγλαα
1070 4085 1188 4160 τέκνα.

251 4221 361 4336 Ῑὲίἱιιῐ
385 4239 537 4332 quidde
564 4241 670 4310 tribus
695 4240 761 4308 illis
786 4237 924 4308 Eumeli
945 4237 1052 4308 Musis
1075 4203 1267 4322 statuemus,

148 4363 256 4432 quum
277 4366 389 4436 neque
405 4336 510 4417 verba
531 4345 636 4454 ipsius
656 4343 861 4436 habeamus,
884 4367 948 4417 nee
964 4343 1121 4431 sciamus,
1147 4364 1216 4454 quo
1231 4341 1267 4410 iu
