3080 5054
254 305 319 372 ³44
399 299 604 366 butrio
633 301 680 364 ln
710 299 955 406 rnluannlul
987 297 1200 363 Avcvsrr

250 476 404 562 miseria,
441 477 586 564 sudore,
617 476 780 568 sanguine
810 473 933 546 civium
958 473 1200 545 incrementum
1229 477 1373 565 capere,

254 578 315 646 sed
327 580 544 672 potiusipse‚
570 601 639 671 quo
654 581 782 651 civibus
802 582 889 648 bene
906 588 1006 664 esset,
1033 577 1164 646 assidue
1183 575 1372 668 providere

254 703 389 770 curare,
414 685 570 752 laborare
593 683 716 765 voluit3
741 682 800 771 qui
819 706 887 751 non
907 682 1063 767 inertiae,
1089 682 1260 764 luxuriae,
1284 681 1370 748 libi--

255 783 409 870 dinibus,
434 787 532 880 nugis
554 809 589 856 se
610 786 737 856 dedere
752 786 886 878 regium
904 784 1118 870 existimavit,
1143 782 1215 869 sed,
1240 805 1369 876 guarus

254 889 449 980 peritusque
463 912 576 958 rerum
591 888 827 982 gerendarum,
852 889 925 979 ipse
939 909 1103 956 summam
1117 909 1230 958 rerum
1244 885 1372 955 mode-

257 992 344 1077 rari,
368 993 524 1062 iustitiam
544 1003 676 1063 urenae
697 993 801 1077 tueri,
838 990 986 1060 instituta
1009 990 1153 1059 salubria
1175 999 1369 1074 sustentare,

132 1167 138 1182 ,
258 1095 391 1188 legibus
405 1097 649 1188 sapientissimis
663 1096 851 1165 libertatem
863 1095 986 1166 eiviutn
997 1116 1122 1186 augere
1137 1092 1248 1184 potius
1265 1115 1369 1182 quam

209 1201 426 1285 uouemere,
449 1200 681 1288 indefessaque
697 1221 787 1282 eura,
813 1198 906 1288 quod
922 1197 1085 1288 prodesse
1102 1197 1227 1264 civibus
1241 1205 1368 1286 posset,v

170 1331 173 1340 ·
256 1299 416 1372 effectum
430 1303 529 1385 dare;
552 1312 685 1396 tempus
699 1302 844 1392 denique
856 1325 876 1370 a
888 1301 1097 1392 reipublicae
1109 1299 1369 1368 administratio-

254 1427 298 1474 ne
313 1427 455 1475 vacuum
472 1405 710 1474 honestissimis
727 1407 911 1473 litteramm
928 1404 1040 1472 studiis
1055 1403 1271 1494 impendere,
1298 1401 1368 1472 hoc

254 1529 339 1601 rege
361 1509 504 1602 dignum
525 1509 679 1580 officium
700 1532 769 1578 esse
795 1508 964 1578 indicavit.
1021 1509 1100 1576 Non
1122 1506 1242 1574 habuit
1255 1515 1368 1574 autem

256 1613 354 1700 satis,
387 1635 502 1682 curam
525 1614 625 1682 rebus
645 1612 802 1705 gerendis
823 1622 923 1700 atque
952 1609 1178 1702 gubernandis
1201 1609 1369 1684 assiduam

255 1712 437 1801 adhibere,
463 1715 613 1808 redegit
632 1717 732 1784 etiam
750 1714 854 1800 iliud,
881 1725 918 1782 ut
933 1726 967 1781 et
981 1739 1022 1782 ea
1037 1721 1180 1797 curaret,
1207 1735 1294 1800 qnae
1309 1735 1367 1782 cu·

254 1817 321 1884 rari
336 1818 380 1886 ab
400 1818 666 1887 administratore
678 1819 728 1886 rei
742 1819 901 1907 publicae
911 1839 975 1909 par
988 1828 1047 1900 cst,
1061 1825 1095 1884 et
1110 1839 1152 1884 eu
1167 1815 1283 1901 modo,
1299 1838 1367 1904 quo

255 1920 365 1991 curari
380 1921 515 1990 debent.
567 1921 721 2004 Quorum
739 1920 836 2005 illud,
853 1921 955 1998 vitam
966 1943 1059 1987 suam
1075 1920 1295 2010 reipublicae
1311 1930 1368 1986 to-

254 2031 325 2092 tam
347 2023 479 2108 dicare‚
512 2022 614 2091 valde
641 2022 813 2092 landabile
837 2032 904 2108 est,
944 2023 1132 2112 meritoque
1156 2023 1368 2114 praeclarum

254 2127 415 2218 propensi
428 2127 462 2194 in
477 2126 565 2195 cives
579 2125 678 2194 animi
695 2125 940 2215 voluntatisque
953 2126 1192 2196 documentum
1207 2125 1368 2194 habetur:

255 2228 327 2299 hoc
340 2251 432 2313 vero,
457 2240 549 2300 recte
562 2230 599 2297 id
613 2229 744 2314 facere,
770 2229 969 2320 prudentiae
982 2241 1032 2298 est
1046 2239 1079 2298 et
1092 2230 1284 2319 sapientiae,
1300 2229 1369 2296 siue

255 2355 324 2422 qua
340 2333 486 2401 studium
501 2333 602 2400 etiam
615 2333 904 2424 diligentissimum
918 2333 1045 2418 inutile,
1060 2334 1140 2422 quin
1154 2355 1370 2421 nonunquam

256 2436 359 2505 etiam
374 2436 508 2503 noxium
522 2447 580 2504 est.
633 2437 680 2504 Et
694 2437 775 2504 Rex
790 2437 928 2525 quidem
943 2446 1066 2521 noster,
1092 2437 1277 2522 auditorem
1301 2458 1369 2524 qua

256 2540 418 2631 sapientia
433 2539 680 2630 rempublicam
691 2542 842 2633 gesserit,
864 2541 1069 2631 experientia
1080 2563 1141 2606 nos
1156 2540 1289 2609 docuit:
1312 2539 1368 2627 qui

257 2641 292 2709 in
309 2641 378 2710 hoo
395 2664 532 2732 qnoque
553 2665 692 2734 genere,
718 2655 756 2710 ut
775 2643 962 2713 incaeteris
982 2645 1084 2712 rebus
1106 2643 1275 2728 omnibus,
1301 2665 1368 2710 non

224 2775 227 2780 ·
256 2744 340 2833 quid
353 2745 502 2813 dicerent
521 2745 563 2828 ii,
590 2747 649 2834 qui
664 2747 727 2813 sibi
740 2746 852 2813 omnia
865 2748 988 2816 rectius
1004 2769 1105 2837 quam
1119 2747 1175 2814 alii
1194 2745 1368 2836 perspice·

256 2869 294 2914 re
306 2846 478 2933 videntur,
504 2848 563 2916 sed
577 2848 659 2936 quid
673 2871 751 2916 vere
763 2851 891 2917 bonum
902 2859 1002 2937 atque
1018 2851 1097 2916 utile
1111 2859 1196 2916 esset
1204 2858 1369 2938 spectans,

256 2950 513 3042 principemque
534 2973 602 3018 non
616 2949 790 3020 domimum
808 2973 880 3016 esse
902 2951 1058 3034 civitatis,
1086 2950 1148 3014 sed
1170 2949 1371 3018 moderato-

257 3076 330 3122 rem
343 3054 549 3144 intelligens‚
575 3053 645 3120 hoc
658 3052 865 3143 potissimum
881 3053 965 3144 egit,
989 3060 1028 3120 ut
1041 3073 1128 3140 quae
1143 3051 1371 3142 impedimen·
1448 3063 1452 3074 '

256 3165 296 3224 to
313 3180 384 3224 esse
393 3159 495 3252 rectis
513 3157 730 3246 honestisque
747 3156 871 3224 civium
886 3155 1002 3224 studiis
1017 3156 1228 3240 viderentur,
1253 3178 1368 3224 remo-

258 3269 352 3328 veret
374 3271 431 3326 aut
454 3270 599 3345 arceret,
626 3282 694 3328 non
715 3261 816 3328 etiam
837 3268 874 3326 ut
895 3259 1025 3328 iuberet
1045 3259 1152 3328 multa
1176 3260 1249 3327 fieri
1270 3269 1369 3348 atque

211 3363 451 3453 lbimperaret.
504 3363 583 3446 Quo
596 3363 724 3431 factum
741 3371 805 3448 est,
823 3373 860 3430 ut
873 3363 1037 3448 libertate,
1054 3363 1081 3430 si
1095 3363 1270 3451 quisquam
1286 3365 1369 3430 alius

261 3465 463 3534 Germaniae
479 3467 658 3556 populus,
697 3466 847 3533 Saxones
873 3465 1018 3534 murima
1044 3466 1224 3556 gaudeant
1282 3467 1370 3536 Nem
1400 3455 1411 3478 s

254 3568 341 3658 quid
350 3570 472 3656 cuique
488 3571 628 3660 negotio
641 3568 817 3637 tractando
832 3569 915 3641 utile
930 3579 964 3638 et
971 3568 1264 3638 accommodatum
1279 3570 1330 3652 sit,
1346 3570 1369 3634 ii

256 3680 387 3739 tantum
407 3671 488 3763 ipsi,
514 3673 622 3760 quiid
637 3673 813 3764 nogotium
827 3681 981 3756 tractant,
1004 3675 1133 3765 optime
1148 3674 1370 3764 perspiciunt:
1401 3713 1404 3718 ·

259 3775 379 3862 quibus
400 3775 586 3866 imperare,
621 3776 703 3863 quid
726 3775 840 3844 facere
861 3775 1024 3861 debeant,
1059 3777 1145 3844 nihil
1169 3786 1217 3844 est
1246 3776 1308 3842 nisi
1337 3785 1370 3842 et

259 3878 435 3967 negotium
452 3879 563 3969 ipsum
578 3879 762 3969 impedire,
789 3879 897 3966 etqui
921 3880 952 3946 ei
968 3883 1110 3968 operam
1130 3879 1227 3961 dant,
1254 3899 1372 3947 servo-

259 3977 335 4045 rum
350 3979 450 4047 instat
461 3981 599 4052 habere.
652 3981 743 4048 Illud
757 3991 884 4048 tantum
898 3983 1059 4072 principis
1074 3991 1139 4066 est,
1166 4004 1304 4066 cavere,
1329 4003 1376 4050 ne

260 4083 415 4149 abutatur
437 4085 509 4172 quis
529 4084 682 4152 libertate
704 4108 779 4170 sua,
806 4093 864 4151 aut
885 4085 944 4152 alii
965 4086 1036 4152 aliis
1056 4085 1217 4154 officiant.
1269 4084 1372 4168 Quod

260 4185 348 4253 beno
373 4195 587 4274 perspectum
607 4185 826 4256 habeusRnx
846 4197 975 4274 noster,
1001 4212 1071 4257 esse
1092 4189 1257 4264 liberalis,
1284 4189 1372 4258 cives

176 4316 201 4384 '.
250 4287 385 4364 ¹liberos
403 4285 548 4386 habens,
578 4291 945 4378 quamlibsraiitatem,
978 4315 1066 4381 quae
1091 4293 1184 4362 nulla
1206 4300 1303 4378 esset,
1322 4292 1374 4358 ia-
