3120 5030
282 382 326 442 oo
546 374 603 438 na
634 376 877 437 ruscum
903 376 1106 472 crrvcrs

283 547 482 635 Eademque
505 547 606 616 etiam
627 549 679 617 Io.
699 549 839 636 Meursii
863 551 1023 618 sententia
1045 549 1126 634 fuit,
1158 559 1192 619 et
1211 549 1394 643 Salvagnii,

284 659 319 718 et
333 651 490 734 Stanleii,
518 651 735 742 aliorumque.
789 653 943 738 Quorum
965 676 1069 742 quum
1086 654 1187 721 etiam
1200 657 1262 743 qui
1283 665 1397 722 caete·-

282 753 326 820 ris
347 752 542 842 explicatius
568 755 613 823 de
636 756 704 824 hac
724 780 761 824 re
782 755 943 841 disseruit,
969 756 1136 824 Meursius
1156 757 1190 823 in
1212 757 1394 846 Aeschylo,

281 856 453 943 reliquisse
466 856 635 943 videatur,
660 858 755 948 quod
774 858 854 926 addi
875 859 998 949 possit,
1025 881 1150 950 operae
1172 860 1318 950 pretium
1339 883 1394 928 me
1507 927 1508 938 ,

281 959 450 1028 factumm
470 969 572 1049 puto,
606 961 649 1049 si,
685 962 800 1029 oblata
822 962 990 1030 scribendi
1021 964 1288 1052 opportunitate,
1317 963 1388 1053 ple-

281 1063 353 1130 nius
375 1059 463 1130 haec
488 1071 588 1150 atque
608 1066 793 1133 accuratius
822 1087 997 1154 exponam.
1048 1065 1187 1133 Dicetur
1212 1075 1323 1132 autem
1348 1065 1393 1133 de

280 1173 421 1253 utraque
446 1163 563 1233 fabula
584 1187 744 1236 seorsum.
794 1169 882 1252 Nam
900 1166 984 1234 duos
998 1169 1043 1235 ab
1059 1166 1232 1257 Aeschylo
1254 1169 1395 1258 scriptos

283 1289 355 1335 esse
370 1267 537 1352 GlaucoS,
565 1271 782 1341 certissimum
795 1280 862 1355 est,
889 1271 949 1339 etsi
968 1269 1183 1339 casaubonus
1204 1271 1394 1362 speciosum

280 1393 346 1462 pro
358 1394 416 1438 sua
434 1371 592 1461 opinione
603 1371 838 1443 testem'affert
851 1371 997 1442 indicem
1015 1373 1205 1441 fabularum
1220 1373 1393 1463 Aeschyli,

281 1474 340 1563 qui
361 1475 450 1542 vitae
472 1475 541 1542 eius
556 1477 591 1542 in
612 1475 690 1544 edd
712 1477 880 1545 subiectus
899 1485 959 1553 est.
1011 1476 1051 1544 ln
1080 1497 1148 1566 quo
1171 1475 1282 1545 indice
1308 1499 1392 1544 uuus
1466 1543 1468 1548 ,

280 1585 409 1644 tantum
436 1587 641 1646 memoratur
667 1577 833 1664 Glaucus,
875 1581 969 1668 isque
994 1573 1190 1666 Ποιιιιύς,
1222 1578 1393 1647 modone

280 1679 369 1748 haec
388 1681 447 1763 sit,
472 1689 509 1746 ut
530 1682 686 1769 equidem
710 1684 874 1773 suspicor,
901 1682 1091 1749 emendatio
1104 1682 1273 1766 Tumebi,
1301 1705 1394 1749 eam-

281 1781 378 1867 dem,
424 1790 462 1848 ut
494 1781 726 1871 casaubonus,
773 1785 966 1875 opinionem
1003 1786 1144 1872 sequuti
1209 1785 1297 1852 Nam
1334 1807 1394 1852 co-

255 1884 350 1952 4dex
374 1884 660 1976 Guelferbytanus
686 1897 721 1955 et
746 1886 824 1954 edd.
847 1887 927 1954 Aldi
956 1910 996 1958 ac
1017 1887 1210 1954 Robortelli
1232 1887 1394 1966 Γλαῦιιος

281 1980 442 2067 Πόντιος
481 1986 617 2057 habent.
669 1989 740 2059 Sed
780 1989 952 2092 videamus
990 1989 1102 2127 primo
1143 1990 1187 2058 de
1225 1989 1393 2058 Potniensi

278 2089 424 2160 Glauco

381 2192 645 2262 celebratissimi
661 2193 796 2262 luerunt
817 2192 911 2284 apud
933 2202 1061 2262 veteres
1083 2195 1172 2283 ludi,
1199 2217 1282 2282 quos
1299 2141 1397 2262 Aca-i

277 2295 374 2364 stus
365 2319 400 2364 ιιι
417 2295 535 2365 funere
550 2299 665 2366 Peliae
684 2297 837 2364 instituit:
864 2319 948 2384 quos
969 2297 1087 2364 illustri
1107 2299 1218 2387 aliquo
1245 2297 1405 2366 camarino

281 2399 467 2490 descriptos
493 2401 610 2486 fuisse,
648 2401 705 2467 vel
728 2422 769 2467 err
792 2422 834 2469 eo
854 2400 1000 2492 intelligi
1019 2402 1149 2490 potest,
1182 2399 1276 2489 quod
1304 2408 1393 2467 teste

280 2503 445 2572 Pausania
464 2502 527 2570 Ill.
544 2503 606 2588 18,
625 2501 667 2571 li.
692 2502 737 2574 V.
761 2502 822 2586 lt,
852 2502 886 2570 4.
913 2503 1175 2592 caeloexpressi
1198 2503 1334 2588 fuerunt
1355 2503 1391 2570 in

277 2604 401 2672 throno
415 2606 601 2695 Amclaeo
622 2614 656 2672 et
676 2628 755 2673 arca
770 2605 916 2693 Cypseli.
966 2604 1076 2671 labis
1089 2605 1187 2687 ludis,
1200 2626 1285 2690 quos
1303 2605 1393 2674 lolui¹

278 2706 386 2776 sactus
403 2725 474 2775 esse
496 2729 537 2774 ex
551 2706 768 2797 Apollodoro
789 2707 816 2774 l.
834 2706 870 2792 9,
898 2706 958 2774 28.
978 2706 1151 2786 discitum,
1176 2706 1271 2795 (narn
1285 2706 1391 2796 Argis

277 2807 453 2898 qdomodo
476 2811 601 2878 institui
618 2811 810 2902 potiuerim,
850 2810 957 2899 quod·
971 2831 1094 2875 nomen
1122 2806 1327 2878 Munokerus
1346 2809 1394 2874 in·

279 2913 411 3004 Hygini
421 2913 494 2980 lala
509 2912 594 2982 273.
613 2918 683 3004 pro'
693 2913 845 3006 Argivis
857 2914 978 3001 reponi
985 2911 1140 2994 ¹nolebat,
1164 2905 1391 3003 nemoenplif¹

278 3017 399 3106 cuerit)
426 3016 689 3106 praeteralios,
722 3037 865 3106 quorum
882 3014 1202 3082 'certamiaarelert
1222 3015 1390 3106 Hyginus,

278 3121 389 3187 etiam
397 3119 552 3190 Glaucus
571 3119 759 3210 Sisyphif
756 3116 959 3207 .quadrigis
979 3117 1174 3201 decertans,
1216 3141 1303 3232 quae
1336 3139 1389 3183 res

278 3223 341 3306 ei,
360 3230 398 3290 ut
429 3245 471 3290 ex
499 3224 650 3313 Etymol.
678 3222 730 3294 M.
760 3243 796 3312 p.
817 3216 885 3305 54,
921 3217 982 3286 48.
1018 3221 1290 3337 cognoscimus,
1320 3219 1391 3284 iam

276 3333 353 3392 ante
391 3322 590 3416 Olyn'rpiae
609 3326 699 3394 male
734 3333 893 3408 cesserat,
933 3323 1080 3392 exitium
1093 3322 1231 3388 invenit.
1297 3320 1390 3387 Sim

274 3430 408 3520 plioius,
432 3453 535 3518 quam
555 3429 677 3518 reliqui
695 3414 906 3516 scriptores,
920 3426 1058 3536 Nonnus
1074 3423 1219 3511 Dionys
1214 3421 1290 3489 mcxl
1289 3421 1392 3565 blais

155 3563 159 3574 ·
274 3555 311 3624 p
326 3531 422 3617 363
449 3532 509 3601 31.

352 3673 392 3746 Γ
387 3667 524 3762 λαιιιιοιι
523 3663 855 3803 Ειιισιιιφέλιξαι’
838 3689 895 3736 aar
888 3657 1018 3753 χθονὶ
1035 3653 1238 3787 tracoldis
1220 3646 1357 3777 errarat.¹⁴¹¹

162 3871 167 3878 .
274 3787 369 3876 Nam
384 3774 570 3878 communis
592 3803 735 3871 narratio
766 3809 829 3883 est,
854 3808 934 3866 nota
955 3798 1016 3865 illa
1027 3764 1153 3865 veleri
1175 3762 1389 3885 Palaephato

274 3934 304 3979 c.
322 3908 382 3978 26.
397 3911 604 3999 discerptum
618 3907 661 3973 ab
684 3903 832 3992 equabus
847 3925 927 3968 esse.
978 3901 1031 3968 lta
1046 3900 1202 3991 Hyginus
1216 3898 1285 3966 fab.
1300 3887 1389 3966 256.

275 4023 308 4082 et
322 4013 409 4083 273.
434 4009 596 4146 Virgilius
617 4008 748 4120 Georg
771 4001 833 4070 [ll.
852 4001 937 4070 266.

353 4150 497 4222 Scilicet
518 4119 601 4215 ante
618 4133 736 4211 ornnes
747 4137 859 4234 furor
882 4141 967 4210 est
954 4139 1104 4233 insignis
1124 4157 1311 4231 equarum:

354 4259 555 4324 etmeatem
577 4245 717 4315 Venus
704 4266 785 4336 apsa
800 4243 916 4329 dedit,
943 4267 1010 4336 quo
1026 4250 1183 4335 tempore
1205 4238 1379 4309 Glauci

354 4351 548 4426 Potniades
563 4349 670 4420 malis
687 4347 849 4418 membra
861 4348 1088 4442 absumpsere
1101 4344 1319 4441 quadrigae.
