3078 5026
270 323 334 388 ιω
480 318 541 380 nn
568 315 837 383 nnrnonvn
867 291 1173 397 ριοιιιιιιιι

271 483 581 588 sdccromo'rspor
610 492 772 615 γε’·ιηιαι
811 485 874 565 δια
896 519 933 564 τι
928 487 1064 566 δὲ’
1020 518 1063 565 ov
1086 488 1247 586 ’γίγνεται
1272 484 1381 564 πλείω

250 600 398 694 ’σημεῖα
423 593 498 666 cair
520 588 726 688 τεττάρων,
772 593 826 675 οἷς
859 591 879 668 o‘
912 621 1002 676 accc
1031 595 1165 692 χρῆται
1193 591 1290 666 sord
1314 588 1382 690 τήν

271 696 387 771 αὑτοῦ
412 690 587 789 δύναμιν,
620 694 776 790 ὕστερον
799 690 1043 794 δειχθήσεται
1102 697 1191 766 Nam
1214 697 1383 785 quemad-

268 799 409 876 modum
429 792 539 892 βάσιν
556 798 758 888 rhythmici,
797 808 835 868 ut
859 800 1030 902 mittam,
1050 822 1139 888 quae
1159 799 1357 869 Budaeus
1347 823 1384 868 ιιι

269 901 402 977 comm
425 901 486 972 Gr.
515 901 538 967 l.
562 901 688 987 attulit,
720 922 811 972 nnnc
837 900 882 970 de
900 887 1030 989 thesi,
1037 925 1143 992 quam
1162 901 1227 994 ipsi
1253 903 1382 989 dicunt,

267 1003 1383 1098 usurpant,utAnstoxenusfrrhpthnr.p.292.2ll4.et1'sel
1499 1053 1502 1062 ·

267 1110 320 1184 lus
339 1134 375 1201 p.
395 1105 482 1176 361.
507 1129 595 1178 nunc
614 1107 659 1177 de
680 1108 760 1178 loco
782 1119 817 1178 et
838 1107 945 1178 sede
936 1108 1058 1201 integri
1076 1106 1192 1200 pedis,
1217 1115 1255 1177 at
1276 1106 1381 1184 schu-
1421 1115 1423 1119 ’

268 1212 379 1281 liastes
399 1209 661 1302 Hephaestionis
690 1235 727 1302 p.
747 1209 809 1279 44.
836 1221 871 1281 et
891 1212 1055 1304 interpres
1077 1211 1314 1302 Aristophanis
1336 1211 1382 1280 ad

267 1315 357 1384 Nub.
376 1311 463 1387 652.
490 1335 579 1384 nnnc
600 1313 700 1388 etiem
720 1314 870 1384 universe
891 1315 937 1384 de
956 1316 1086 1386 incessu
1105 1315 1239 1414 numeri
1254 1314 1381 1402 dicunt,
1421 1313 1424 1320 ’

267 1426 308 1488 ut
325 1416 487 1487 Aristides
509 1439 545 1508 p
567 1417 676 1486 rav
678 1417 776 1486 22.
804 1418 859 1488 cui
876 1418 1009 1489 addere
1035 1439 1170 1544 possem
1197 1418 1313 1488 locum
1340 1440 1382 1501 ex

266 1520 392 1590 inedito
409 1519 455 1588 de
468 1522 582 1589 metris
595 1521 734 1590 libello.
764 1522 813 1590 ita
828 1521 936 1592 etiarn
956 1528 1103 1620 σημεῖον
1121 1518 1226 1590 modo
1250 1543 1382 1590 moram

266 1625 336 1692 sive
365 1633 498 1715 tempus
524 1632 666 1710 vocant,
705 1625 799 1696 cuius
819 1625 1070 1718 significationis
1092 1624 1248 1716 exempla
1270 1625 1381 1694 attulit
1517 1654 1519 1668 ·

264 1725 455 1794 Moreuius
459 1725 505 1794 ad
520 1727 764 1798 Aristoxenifr.
780 1753 817 1820 p
832 1727 918 1797 286.
940 1751 965 1796 s.
982 1729 1089 1800 modo
1112 1738 1242 1797 motum
1264 1727 1382 1798 dicunt

265 1850 387 1918 unum,
412 1829 489 1917 qui,
522 1838 560 1899 ut
578 1851 662 1900 unus
683 1853 800 1916 sonus,
825 1832 881 1899 vel
902 1853 969 1900 una
989 1833 1136 1923 syllaba,
1161 1839 1294 1923 purtem
1314 1853 1381 1922 pe-

266 1931 317 2000 dis
340 1931 479 2023 implet,
505 1940 543 2001 nt
565 1934 781 2004 Aristoxenus
800 1935 836 2002 in
859 1933 900 2005 fr.
922 1956 959 2025 p.
983 1933 1068 2005 278.
1084 1933 1179 2004 282.
1206 1944 1242 2004 et
1260 1933 1381 2004 Aristi·

265 2034 326 2104 des
345 2057 382 2126 p.
406 2032 467 2102 32.
490 2036 596 2106 modo
611 2036 762 2106 universe
784 2035 889 2106 talem'
907 2038 1006 2128 pedis
1026 2045 1160 2131 partem
1176 2039 1380 2130 intelligunt,

265 2137 333 2207 sive
356 2161 397 2206 ea
410 2145 525 2224 motu,
550 2161 608 2210 seu
630 2161 731 2224 rouo,
757 2163 816 2210 seu
828 2141 968 2231 'syllaba
985 2143 1211 2226 continentur,
1230 2151 1268 2210 ut
1286 2141 1380 2210 idem

126 2330 128 2338 .
263 2241 479 2310 Aristoxenus
506 2265 543 2334 p.
567 2241 761 2318 288296.
785 2242 871 2312 292.
893 2253 929 2314 et
951 2246 1135 2338 Psellusp.
1161 2243 1246 2313 3⁰1.
1274 2242 1380 2312 inter-

133 2349 136 2364 ¹
265 2344 349 2414 dum
373 2367 454 2414 vero
477 2347 578 2414 etiam
606 2345 701 2415 illam
725 2348 823 2439 pedis
847 2357 997 2439 partem,
1029 2373 1117 2440 quae
1137 2348 1193 2418 vel
1221 2347 1300 2416 arsis
1322 2345 1378 2415 vel

146 2514 150 2532 ,
264 2446 369 2517 thesis
390 2457 457 2538 est,
489 2449 590 2518 etiarn
611 2449 638 2517 si
661 2451 878 2542 expluribus
899 2453 955 2521 vel
981 2453 1068 2521 sonis
1090 2453 1146 2522 vel
1168 2451 1304 2540 syllabis
1321 2450 1378 2520 vel

238 2552 411 2622 dmotibus
431 2560 577 2637 constet,
615 2553 752 2622 nomine
773 2554 838 2621 isto
859 2555 1063 2645 significant,
1098 2563 1136 2621 ut
1155 2553 1319 2622 Aristides
1337 2575 1376 2644 p.

264 2651 325 2726 39.
345 2674 514 2746 paeonem
541 2655 717 2748 diagyium
742 2679 783 2726 ex
811 2656 942 2726 duobus
967 2654 1128 2754 σημείοις
1150 2654 1379 2745 compositum

263 2755 396 2842 (licens,
429 2757 487 2851 qui
511 2764 573 2850 p'es
593 2760 674 2829 elias
694 2760 751 2829 vel
770 2760 918 2850 quinque
940 2760 997 2829 vel
1023 2759 1087 2828 tria
1108 2758 1270 2828 dicendus
1291 2767 1378 2826 esset

263 2864 392 2956 σημεῖα
410 2857 549 2930 habere.-
600 2862 671 2931 Sed
693 2862 782 2933 haec
804 2863 921 2932 obiter.
974 2861 1072 2948 Quae
1094 2873 1206 2960 certae
1223 2863 1378 2931 videntur

261 2961 532 3052 rhythmicorum
552 2988 743 3053 mensurae,
768 2973 859 3050 sunt,
885 2975 1020 3056 praeter
1039 2965 1228 3056 simplicem
1250 2974 1284 3033 et
1310 2963 1377 3032 du·
1405 2983 1407 2988 “
1536 3021 1537 3032 ,

262 3067 405 3158 plicem,
433 3068 653 3160 ,quadruplex
672 3080 705 3139 et
728 3069 913 3160 octuplex.'
932 3068 1028 3138 ‘Hae
1053 3071 1231 3140 anibaein
1244 3067 1376 3153 orthio,
1464 3142 1466 3151 ,

261 3167 493 3261 trochaeoque
519 3179 676 3242 semanto'
694 3174 918 3254 inveniuntur3
948 3173 1163 3264 quadruplex
1180 3175 1305 3258 etiam,
1338 3179 1377 3238 ut

261 3270 412 3360 videtur,
442 3274 478 3342 in
498 3276 651 3367 spondeo
673 3279 803 3346 maiore
822 3299 881 3345 seu
901 3276 1041 3368 duplici.
1091 3277 1165 3344 Etsi
1183 3276 1290 3360 eninr,
1315 3273 1376 3362 qui

259 3375 353 3454 hunc
375 3398 417 3446 ex-
440 3387 596 3467 quattuor
623 3380 762 3448 bimoris
786 3379 936 3470 partibus
958 3389 1109 3448 constare
1131 3379 1268 3470 volunt,
1306 3399 1376 3445 non

258 3479 374 3570 inepte
393 3483 645 3573 comparatione
660 3482 709 3551 uti
728 3491 867 3575 possunt
881 3481 1190 3572 proceleusmatici,
1215 3502 1319 3571 quem
1334 3502 1375 3548 ex

259 3593 418 3676 quattuor
439 3586 597 3655 brevibus
615 3588 824 3678 temporibus
844 3587 1067 3676 compositum
1089 3585 1237 3654 similiter
1259 3583 1374 3674 dupli-

260 3708 336 3757 cem
356 3697 457 3758 vocat
475 3688 658 3775 Aristides,
690 3700 822 3776 tamen,
854 3712 960 3781 quum
983 3690 1041 3760 ille
1067 3688 1256 3780 spondeum
1276 3689 1374 3755 istum

261 3811 298 3881 p.
324 3788 384 3858 36.
403 3815 473 3860 non
488 3792 562 3860 sine
581 3815 713 3878 cerusa,
738 3803 776 3863 ut
796 3797 1017 3884 peramans
999 3821 1036 3866 εκ
1050 3785 1282 3888 τιιρασήμου
1301 3791 1373 3863 θέ-

260 3915 346 3973 σεως
365 3893 425 3965 καὶ
445 3887 677 3991 vespertinos
694 3894 828 3991 ἅρσιως
845 3896 921 3963 lieri
944 3894 1052 3979 dicat,
1095 3894 1207 3962 verior
1241 3892 1374 3962 videtm

259 3994 428 4064 Boeckhii
441 3999 618 4084 sententia,
644 3998 727 4066 duas
742 4021 819 4066 eum
834 4006 1070 4086 quaternorum
1084 4005 1276 4088 temporum
1289 4018 1374 4087 par·

260 4105 311 4166 tes
335 4097 475 4168 habere.
533 4099 845 4186 Omniuoautem
835 4123 911 4191 ipsa
930 4100 982 4170 rei
1006 4110 1124 4170 natura
1146 4101 1310 4195 postulat,
1335 4106 1374 4166 ut
1441 4103 1443 4108 ’

259 4200 430 4294 pluribus,
454 4225 559 4291 quam
578 4204 690 4296 simpli
708 4215 742 4274 et
762 4203 859 4299 dupli
879 4205 1040 4274 mensuris
1062 4227 1156 4274 usna
1176 4225 1248 4272 esse
1269 4201 1374 4271 musi-

261 4327 338 4376 cam
360 4303 571 4378 Graecorum
587 4309 780 4397 credamus,
799 4307 895 4399 quod
923 4308 1019 4378 nimis
1040 4309 1126 4385 iners
1148 4316 1182 4376 et
1201 4306 1294 4376 rudis
1313 4306 1371 4375 fo·
