3058 5046
403 333 1023 432 russuvmsuurnuuruur„
1196 351 1261 448 uso

253 513 457 616 Κουρήτων
473 517 529 612 θ’,
563 527 602 593 οἳ
618 520 734 614 ματρὶ
756 515 860 602 Arde
865 516 954 615 Ῥέα
975 520 1053 593 ἕντι
1073 515 1259 617 πάρεδροι,

254 651 315 697 ται
307 620 512 745 Χαρίτων
528 624 777 714 μεμνᾶσθαι
760 651 798 696 εν
819 624 929 752 ἔργα
925 621 1034 694 παντὶ
1047 623 1249 742 ρέγτστον,
1357 617 1361 630 ’

170 749 173 758 ·
254 723 317 821 ridi
333 719 484 818 Χρόνον
505 725 644 843 παίδων
659 723 799 854 Ὡρᾶν,
818 732 862 797 αἲ
877 752 997 798 ποντα
1013 719 1158 818 φύοντο,

253 827 416 920 Νυμφᾶν
441 829 475 898 τ’
494 823 649 916 ω’ραοῖν,
676 834 719 899 αὶ
730 822 878 920 νάματα
893 820 1008 900 adt’
990 851 1184 924 εφορωντι,

252 928 402 1023 duntur
424 924 478 1018 τ’,
513 925 542 1000 d
574 931 739 1016 Μοῖσαι,
774 923 921 1025 Διας”’
899 955 1060 1021 ετγονοι,
1102 927 1262 1024 αφθντατ

913 1029 1039 1126 erduic

151 1138 366 1224 Quamquam
384 1134 512 1248 procul
527 1134 625 1203 illaa
645 1135 743 1204 uobis
765 1133 932 1205 temeritas
946 1134 1004 1220 sit,
1028 1137 1066 1202 rit
1085 1129 1179 1202 haec
1190 1154 1261 1224 pro
1297 1189 1299 1203 ,

151 1239 251 1308 certis
269 1237 498 1308 venditemus.
499 1217 622 1306 Nam
637 1249 748 1306 utrum
763 1231 970 1334 ααροβατα,
996 1244 1034 1304 ut
1049 1235 1240 1306 Cantero
1211 1259 1262 1306 vu-

151 1364 268 1426 snm,
263 1359 314 1408 au
329 1332 558 1436 πετροβατα,
584 1350 621 1408 ut
638 1331 771 1425 Grotio,
795 1362 913 1408 rerum
928 1341 986 1427 sit,
1011 1339 1084 1429 quis
1099 1361 1140 1408 ex
1154 1339 1261 1407 libro·
1365 1378 1368 1392 ι

150 1467 227 1512 rum
256 1443 419 1533 scriptura
444 1437 614 1538 πρόβατα
645 1441 806 1512 divinet?
837 1443 889 1510 ln
902 1443 1001 1510 tertio
1029 1451 1142 1510 autem
1164 1465 1262 1512 versu

150 1547 252 1614 valde
272 1545 356 1614 dura
380 1553 427 1612 est
451 1549 622 1636 correptio
652 1549 782 1638 primae
813 1547 849 1614 in
869 1542 1109 1640 Ἀσκληπιοῦ,
1135 1544 1190 1616 oui
1204 1554 1261 1612 ,ta-

150 1671 231 1718 men
244 1649 399 1738 imperita
417 1671 518 1716 maun
533 1649 740 1733 mederetur,
765 1649 825 1736 qui
842 1648 971 1742 ἰατροῦ
989 1648 1171 1741 repositum
1188 1647 1260 1716 iret

150 1753 192 1820 In
211 1752 330 1819 ultimo
351 1774 465 1837 versu,
491 1751 550 1820 nbi
571 1751 649 1820 libri
673 1753 801 1820 habent
822 1748 998 1843 αμνέομις
1018 1752 1096 1842 (vel
1117 1747 1260 1843 ὑμνέω-

150 1881 246 1948 μες,Ι
276 1854 332 1924 uel
362 1851 575 1946 ὑμνέωμας)
606 1849 773 1953 μάκαρας
806 1853 961 1928 ,Μοῦσαι
1000 1846 1092 1936 Arde
1120 1853 1261 1945 ἔκγονοι
1290 1885 1297 1896 ,

153 1953 330 2051 οἷφθίτοις
351 1953 491 2037 αόιδαῐς
509 1958 582 2048 (vel
604 1962 737 2048 αἰδαῖς)
772 1956 861 2026 illud
877 1957 1085 2048 potissimum
1106 1966 1262 2046 putamus

150 2059 315 2148 incertum
338 2081 440 2145 esse,
468 2069 579 2126 utrum
607 2057 768 2152 ἄφθιτοι
795 2055 920 2151 uiduis,
955 2083 997 2128 an
1018 2056 1261 2153 α’φθιταοιδοὶ

148 2159 412 2252 praeferendum
430 2161 479 2226 sit.
530 2161 609 2227 Non
630 2161 719 2228 haec
733 2160 780 2228 sio
791 2161 951 2240 diximus,
975 2161 1070 2248 quasi
1089 2161 1168 2227 vitio
1184 2182 1261 2240 uer-

149 2273 294 2331 teremus
310 2262 506 2330 Editoribus
528 2262 831 2352 praestantissimis,
857 2260 952 2350 quod
966 2285 1078 2331 versus
1095 2262 1173 2328 illos
1193 2283 1261 2330 non

150 2365 409 2442 emendaverint.
459 2365 546 2431 Nam
573 2365 645 2454 quis
667 2364 754 2432 adeo
777 2365 927 2450 iniquus,
965 2386 1007 2432 ao
1031 2364 1144 2454 potius
1172 2363 1261 2430 insa-

45 2465 48 2469 ’
148 2491 212 2538 nus
238 2468 297 2552 sit,
333 2467 427 2534 utin
452 2466 560 2550 libro,
601 2468 660 2554 qui
688 2461 777 2535 totus
805 2465 949 2532 refertus
978 2475 1026 2534 est
1054 2465 1261 2536 citationibus

87 2640 93 2644 .
150 2568 370 2662 scriptorum,
403 2571 497 2638 locos
519 2592 653 2654 omnes,
696 2570 754 2657 qui
776 2566 984 2656 afferuntur,
1018 2570 1117 2637 etium
1147 2591 1263 2638 emen-

150 2673 226 2742 dari
250 2673 422 2763 postulet?
456 2673 566 2768 lnrmo
591 2671 814 2741 emendationi
833 2679 982 2740 veterum
1009 2672 1208 2763 scriptorum
1228 2673 1262 2739 iu

149 2775 218 2846 hac
233 2776 401 2845 Thesauri
414 2775 559 2844 editione
585 2777 720 2844 abunde
740 2784 773 2844 et
790 2775 897 2843 multo
917 2777 1046 2867 magis,
1076 2799 1178 2864 quarn
1203 2799 1262 2847 ux-

152 2879 296 2969 spectari
318 2880 462 2963 licebat,
504 2879 706 2948 satisfactum
736 2901 806 2946 esse
834 2877 1037 2970 gaudemus,
1075 2879 1277 2970 meritoque

151 2982 309 3050 maximas
326 2982 456 3073 agimus
477 2983 673 3063 Editoribus
693 2982 833 3074 gratioe,
859 2982 954 3069 quod
974 2984 1174 3072 plerumque
1193 3003 1261 3048 non
1355 3007 1362 3028 ¹
1407 2954 1409 2982 ¹

146 3084 388 3155 inafferendis
414 3085 608 3153 testimoniis
632 3085 884 3174 aequievenmt,
927 3084 987 3152 sed
1014 3089 1054 3151 ea
1076 3083 1262 3154 accuratius

152 3187 251 3255 eham
265 3185 485 3277 expendenda
499 3197 667 3276 putarunt
700 3186 797 3268 Quo
820 3185 894 3252 lieri
917 3206 986 3252 non
1009 3195 1141 3276 potest,
1170 3187 1261 3276 quin,

153 3291 213 3378 qui
233 3299 367 3358 utentur
388 3287 459 3356 hou
481 3289 674 3374 Thesauro,
711 3285 863 3375 plurimis
886 3286 921 3354 in
940 3289 1039 3357 rebus
1060 3291 1200 3360 mirifice
1225 3313 1262 3358 se

152 3391 302 3460 adiuvari
318 3391 469 3460 sentiunt.
499 3390 623 3476 'Quod
645 3390 673 3480 si
694 3389 757 3459 hic
782 3390 852 3460 illic
880 3391 1009 3479 aliquid
1032 3402 1080 3460 est
1101 3392 1262 3461 emenda-

151 3496 266 3582 tionis,
293 3493 387 3584 quod
411 3485 538 3584 fugerit
559 3495 647 3562 viros
670 3493 847 3585 egregios,
877 3501 1007 3562 tantum
1031 3496 1139 3581 abest,
1163 3503 1201 3561 ut
1224 3494 1261 3561 id

152 3598 274 3666 mirum
295 3599 329 3665 in
348 3606 439 3666 tauta
460 3617 572 3665 rerum
593 3605 629 3664 et
648 3596 748 3687 copia
768 3604 802 3664 et
822 3595 980 3684 varietate
1005 3606 1039 3686 et
1061 3596 1262 3664 difficultate

152 3700 259 3769 uideri
272 3701 394 3792 possit,
419 3707 458 3766 ut
469 3698 529 3766 illa
542 3699 655 3791 potius
672 3697 828 3766 admirari
843 3696 1042 3788 debeamuS,
1067 3702 1156 3787 iruae
1171 3720 1263 3766 sum-

152 3827 209 3872 ma
229 3825 328 3892 cura,
367 3823 565 3890 summoque
590 3800 698 3871 studio
728 3803 772 3868 ab
797 3800 836 3868 iis
863 3811 1041 3894 congesta,
1084 3801 1262 3893 disputata,

152 3899 345 4027 explanata,
394 3904 438 3973 ad
461 3905 627 3993 liquidum
649 3903 814 3995 perducta
836 3913 920 3980 sunt.
957 3906 1023 3974 .Et
1051 3905 1124 3994 quis
1146 3905 1262 3990 nescit,

133 4009 346 4100 saepissime
375 4007 547 4093 accidere,
588 4019 625 4076 ut
646 4007 953 4095 emendationes,
942 4029 977 4076 uu
1004 4017 1088 4096 quas
1114 4008 1263 4098 quemvis

151 4121 251 4202 putes
279 4109 428 4180 incidere
452 4109 596 4198 debere,
641 4133 715 4178 sero
742 4109 878 4181 demum
899 4111 957 4194 urri
976 4110 1011 4178 iu
1033 4121 1180 4204 mentun
1202 4135 1263 4180 ue-

152 4213 268 4282 niant?
301 4211 500 4282 Cuiusmodi
527 4222 576 4282 est
604 4191 832 4304 fragmentum
858 4213 1091 4305 Aristophanis
1112 4238 1159 4284 ex
1183 4218 1261 4308 Τα-

153 4321 337 4414 γηνισταῖς
360 4313 458 4409 opud
481 4313 600 4386 Schol.
631 4314 678 4416 ad
704 4317 791 4386 Rau
823 4307 909 4416 295.
921 4317 1098 4422 χθορίας
1109 4309 1261 4418 Ἑκάτης
