3078 5026
421 336 646 410 MENSVRA
674 335 964 399 autonomon.
1192 337 1255 402 m

138 507 242 578 thesis
267 507 399 600 duplici
425 507 494 578 ictu
515 509 612 601 pedis
638 517 786 595 notetur,
829 523 936 599 eaque
955 507 1083 578 ratione
1104 507 1200 600 quasi
1219 509 1255 576 in

139 612 224 681 duas
250 622 489 700 quaternorum
524 625 716 705 temporum
747 620 859 706 partes
888 610 1074 679 dividaturr
1113 634 1153 681 ex
1182 633 1252 701 quo

139 715 370 804 consequitur,
398 717 512 802 arsin‚'
525 715 631 804 qnae,
656 726 694 784 ut
724 739 765 784 ex
788 723 945 804 quattuor
964 723 1095 782 tantum
1113 724 1250 806 tempo-

139 818 230 886 ribus
253 826 425 906 constans‚
451 819 646 905 artificiosa,
680 818 702 885 i.
722 841 752 887 e.
783 818 936 888 lictarmn
959 817 1124 908 partium,
1156 826 1255 884 nota-

138 922 230 989 tione
260 943 328 989 non
358 941 444 1011 opus
477 919 644 1006 habebat,
680 943 724 988 ne
757 920 1087 991 commemorandam
1116 919 1255 1008 quidem

106 1102 110 1114 ¹
139 1023 251 1096 fuisse.
303 1024 422 1113 ltaque
445 1035 483 1093 ut
502 1024 650 1116 vulgaris
670 1022 851 1092 trochaeus
867 1032 934 1090 tres
957 1022 1108 1091 habebat
1131 1045 1255 1108 moras,

139 1127 187 1197 sic
214 1137 379 1195 semantns
409 1128 470 1196 ille
499 1137 611 1220 partes
647 1127 938 1218 complectebatur
974 1135 1057 1210 tter,
1098 1136 1256 1213 quattuor

140 1251 311 1319 quamque
326 1239 530 1322 temporum,
556 1253 698 1320 quarum
714 1230 860 1320 partium
876 1229 1007 1320 priores
1019 1250 1123 1317 quurn
1136 1230 1172 1296 in
1186 1241 1255 1298 uno
1370 1253 1375 1261 ·

141 1355 224 1401 sono
244 1333 510 1425 comprehensae
532 1333 634 1404 facile
655 1334 739 1402 iusta
761 1355 916 1402 mensura
936 1332 1089 1402 excidere
1105 1341 1255 1422 possent,

143 1457 258 1504 omnes
276 1445 344 1504 tres
361 1447 474 1530 partes
489 1438 557 1507 ictu
573 1437 687 1526 aliquo
707 1436 805 1528 pedis
826 1435 884 1504 vel
905 1457 1022 1503 manus
1045 1437 1262 1519 notabantur,-

140 1561 285 1628 quorum
303 1540 432 1608 ictuum
452 1540 521 1608 duo
551 1542 681 1633 priores
703 1537 929 1635 intermeat*
956 1539 1110 1609 dicuntur
1135 1563 1255 1635 σημα-

140 1641 239 1731 σίαι,
277 1643 371 1731 quod
396 1666 464 1711 non
486 1644 631 1733 syllabas
656 1642 757 1726 dum,
791 1642 853 1710 sed
879 1644 974 1711 unius
994 1641 1144 1730 syllabae
1171 1639 1255 1707 duas

140 1753 254 1837 partes
283 1745 526 1816 discernebant
578 1747 649 1815 Sed
675 1747 778 1814 finem
807 1745 908 1813 facio.
959 1743 1150 1814 Existimari
1173 1760 1256 1812 vero

141 1869 183 1916 ex
205 1847 259 1915 his
280 1849 423 1940 poterit,
448 1873 558 1941 neque
574 1850 749 1919 metricam
772 1848 960 1919 doctrinam
980 1849 1024 1916 ab
1045 1847 1136 1914 omni
1160 1855 1257 1937 parte

140 1950 208 2017 iam
227 1953 438 2043 explanatam
453 1977 535 2045 esse,
559 1953 789 2046 rhythmicam
808 1962 919 2022 autem
933 1950 1048 2024 adhuc
1060 1952 1096 2019 in
1109 1949 1256 2044 tenebris

141 2062 247 2123 totam
266 2056 388 2126 iacere
1153 2069 1156 2074 '
1237 2067 1243 2078 '
