3058 5046
400 361 1003 428 ruusavursrrurnumur.
1124 453 1127 462 ¹
1193 365 1258 432 alo

96 603 98 608 ,
141 537 238 606 abest
257 533 351 604 huno
376 542 413 603 ut
443 535 648 632 superaverit
673 534 848 624 quisquam
882 542 940 602 aut
970 535 1179 624 aequaverit,
1209 543 1256 620 ut,

140 661 245 729 quum
262 661 377 706 omnes
396 639 502 729 longe
521 661 563 706 eo
584 639 758 708 inferiores
779 661 849 706 esse
870 648 1050 727 appareat,
1092 637 1259 728 optimiii
1305 641 1309 652 '

139 743 318 812 videantur
341 764 429 835 esse,
456 743 514 830 qui
533 741 619 810 nihil
646 741 707 810 nisi
733 742 769 809 iu
788 739 1031 831 compendium
1052 740 1258 833 redegerunt

139 843 241 912 huius
263 845 488 912 Thesaurum.
539 845 674 913 Etenim
699 843 828 936 duplex
849 844 993 912 nrardme
1017 865 1110 912 error
1134 844 1168 912 in
1188 844 1259 915 hoe

42 953 49 970 '
141 949 235 1016 omui
256 947 395 1040 negotio
420 947 585 1020 dominari
608 950 703 1016 solet.
752 947 823 1016 Alii
846 947 934 1016 enim
950 939 1087 1036 co'piam
1108 948 1260 1016 vocabu-

140 1053 252 1124 lorum
275 1052 461 1142 praecipue
483 1060 730 1136 consectantur,
756 1051 790 1118 in
812 1045 880 1140 qna
902 1059 957 1118 est
975 1049 1114 1138 quidem
1136 1049 1260 1138 aliqua,
1343 1137 1346 1142 Ι

142 1153 284 1222 sednon
299 1154 458 1245 primaria
473 1155 574 1226 virtue
588 1156 698 1244 posita
711 1155 916 1238 lexicorum,
942 1153 1139 1246 praesertim
1154 1176 1261 1242 quum

140 1257 308 1349 pleraque
329 1257 429 1326 huius
445 1258 577 1348 generis
589 1258 794 1326 incrementa
805 1257 839 1325 in
853 1258 963 1328 uerbis
985 1257 1041 1324 vel
1065 1255 1260 1347 compositis

141 1359 200 1429 vel
213 1360 394 1442 flexionum
407 1363 569 1430 varietate
582 1359 809 1450 multiplicatis
825 1360 1019 1429 consistant:
1044 1382 1132 1448 quae
1154 1382 1261 1449 quum

144 1464 245 1532 etiam
260 1464 330 1530 sine
344 1464 526 1553 interprete
542 1465 644 1534 facile
664 1464 913 1555 intelligantur,
942 1464 1050 1531 minus
1065 1461 1261 1532 desiderau-
1356 1517 1359 1522 .

141 1574 197 1634 tur
215 1566 344 1634 omissa.
395 1567 464 1656 Alii
482 1576 594 1636 autem
608 1567 671 1636 toti
685 1590 721 1634 se
735 1567 781 1643 ad
797 1567 944 1658 origines
962 1568 1141 1635 verborum
1161 1564 1261 1634 inda-

142 1668 274 1760 gandae
307 1667 489 1754 dederunt,
532 1671 628 1758 quod
656 1669 758 1738 valde
789 1671 925 1758 quidem
951 1669 1165 1742 ,laudandum
1199 1676 1261 1758 est,

143 1771 224 1861 quia
251 1772 337 1842 haec
360 1773 490 1863 optima
516 1784 566 1841 est
590 1782 623 1843 et
643 1773 834 1864 planissima
854 1773 908 1840 via
934 1773 980 1840 ad
1002 1772 1261 1864 significationes

144 1875 409 1962 constituendas,
444 1876 504 1944 sed
532 1877 594 1945 nisi
622 1875 808 1946 admodum
841 1885 937 1948 caute
961 1883 996 1944 et
1019 1877 1261 1967 circumspecte

144 1977 233 2050 haec
246 1981 331 2047 ratio
347 1979 564 2065 adhiheatur,
592 1983 669 2073 plus
689 1980 804 2049 damni
818 2003 859 2050 ex
873 2004 932 2065 ea,
959 2003 1062 2068 quam
1074 1979 1161 2049 lucri
1178 1979 1261 2047 red·-

143 2081 272 2152 undare
291 2084 385 2150 solet.
440 2082 559 2166 Quam*
580 2085 685 2151 multa
705 2085 793 2152 enim
815 2084 983 2153 vocabula
996 2084 1031 2150 in
1049 2083 1164 2152 lexicis
1182 2082 1260 2170 qui-

107 2225 113 2238 ·
142 2183 288 2252 busdam
309 2192 451 2277 propter
475 2185 570 2252 iliam
587 2186 752 2254 rationem
766 2188 822 2254 rel
835 2185 869 2251 in
886 2185 1039 2252 ordinem
1054 2193 1192 2274 recepta
1209 2183 1262 2250 ri·-

144 2286 280 2371 demus,
313 2289 368 2354 vel
394 2297 667 2356 commemorata
688 2297 797 2372 certe,
829 2310 917 2375 quac
938 2308 1007 2354 non
1033 2287 1138 2355 modo
1160 2309 1261 2354 num-

142 2413 247 2480 quam
262 2390 297 2456 in
310 2412 371 2458 usu
385 2389 535 2473 fuerunt,
561 2390 623 2458 sed
637 2413 796 2481 magnam
811 2399 943 2480 partem
963 2390 1063 2456 ctiam
1084 2389 1263 2479 analogiae

143 2502 179 2562 et
202 2493 338 2582 legibus
361 2492 498 2583 liuguae
519 2503 719 2584 repugnant.
759 2483 883 2560 'Tanto
906 2493 1016 2583 magis
1041 2514 1102 2560 nos
1124 2491 1263 2580 quidem

144 2617 249 2684 saepe
265 2595 419 2662 admirati
435 2619 548 2664 smnus
564 2597 611 2664 Η.
627 2595 860 2686 Stephanum,
882 2597 975 2664 cuius
991 2596 1124 2664 lexicon
1147 2605 1181 2664 et
1194 2593 1263 2662 vir÷

143 2698 291 2782 tutibus,
330 2721 419 2786 quae
445 2701 610 2770 maximae
632 2700 667 2768 in
696 2701 766 2769 hoc
789 2722 915 2791 genere
936 2709 1028 2784 suut,
1060 2700 1107 2767 ita
1123 2699 1264 2783 eminet,

144 2811 179 2870 et
194 2811 264 2868 tam
281 2802 429 2870 humone
450 2812 499 2872 est
518 2826 539 2871 a
558 2803 660 2888 vitiis,
685 2804 721 2871 in
741 2827 827 2892 quac
847 2802 1010 2872 facillime
1028 2803 1102 2891 quis
1115 2802 1265 2872 incidere

144 2914 286 2996 potest,
299 2914 337 2972 ut
356 2905 444 2973 illud
465 2928 533 2974 uon
549 2907 655 2976 modo
674 2931 754 2979 vere
769 2907 937 2980 Thesauri
953 2908 1087 2976 nominc
1108 2907 1263 2998 dignum,
1378 2930 1379 2936 ¹

145 3007 207 3075 sed
226 3008 329 3099 plane
353 2997 502 3078 divinum
518 3033 604 3102 opus
622 3035 692 3080 esse
712 2993 873 3080 videatur.
925 3014 978 3081 Ac
998 3020 1109 3079 nostra
1125 3010 1264 3098 quidem

99 3190 104 3198 ¹
145 3112 322 3197 sententia,
348 3113 408 3201 qui
426 3135 507 3182 vere
528 3138 601 3183 rem
622 3115 980 3199 aestimareroluerit,
1007 3122 1142 3180 tantam
1163 3111 1264 3180 fuisse

143 3214 191 3281 Η.
210 3214 387 3304 Stephano
406 3216 575 3307 intelliget
597 3218 734 3309 linguae
753 3217 907 3284 Graecae
924 3217 1113 3301 scientiam,
1140 3223 1264 3304 quanta

144 3318 200 3384 vix
223 3340 383 3406 umquam
397 3319 469 3385 ullo
485 3318 550 3387 fuit
572 3320 607 3386 in
621 3321 689 3388 alio
712 3319 860 3386 homine.
912 3321 1032 3408 Neque
1054 3320 1142 3388 euim
1165 3341 1265 3386 vere-

144 3442 239 3505 mur,
266 3445 308 3490 ne
324 3422 396 3510 quis
409 3422 528 3491 hocin
549 3422 821 3492 Hemsterhusios
847 3431 903 3490 aut
921 3423 1180 3507 Valckenarius,
1208 3428 1265 3486 aut

145 3523 172 3590 si
197 3523 256 3611 qui
281 3526 335 3592 alii
353 3525 477 3595 horum
503 3526 626 3601 similes
648 3528 852 3612 exstiterunt,
875 3527 1018 3614 iniquius
1039 3527 1167 3594 dictum
1183 3544 1266 3592 cen-

146 3636 232 3710 seat,
265 3629 294 3696 si
313 3629 535 3720 reputaverit,
567 3640 692 3718 quanta
711 3629 766 3696 his
788 3629 939 3698 discendi
955 3628 1145 3696 adiumenta
1160 3649 1267 3716 quum

146 3729 300 3816 aliunde,
325 3740 397 3800 tum
425 3732 565 3822 abipso
590 3732 765 3824 Stephano
787 3735 822 3800 iu
840 3741 1003 3824 promptu
1022 3731 1160 3810 fueriut3
1186 3729 1264 3798 Ste-

144 3831 299 3923 phanum
329 3843 460 3920 autem,
501 3846 637 3924 praeter
663 3833 797 3906 Budaei
830 3836 1041 3928 praeclaram
1071 3856 1152 3903 sane
1179 3854 1292 3923 ope-¹

145 3958 237 4020 ram,
273 3939 328 4004 uix
358 3939 563 4028 quidquam,
589 3963 691 4029 quam
715 3940 809 4029 quod
837 3963 897 4007 sua
916 3942 989 4031 ipse
1020 3938 1181 4006 industria
1202 3937 1265 4006 sibi

145 4049 317 4132 parasset,
348 4039 515 4112 hahuisse.
574 4047 752 4114 Praeterea
781 4045 929 4136 graviter
959 4051 1086 4126 errant,
1118 4041 1177 4130 qui
1197 4041 1265 4108 lin-

146 4165 239 4234 guae
264 4143 436 4212 scientiam
457 4146 491 4214 in
518 4171 560 4214 eo
583 4149 707 4216 versari
733 4157 872 4236 putant,
906 4157 944 4213 ut
970 4147 1043 4234 quis
1072 4147 1177 4216 rerba
1197 4147 1266 4212 sin-

147 4247 252 4338 gula,
295 4247 519 4338 significatae,
562 4251 822 4322 constructiones
859 4251 1020 4342 exemplis
1036 4285 1043 4294 «
1058 4249 1267 4320 communire

149 4350 264 4442 possit
322 4351 412 4423 Nam
440 4351 528 4423 haec
555 4352 695 4423 dimidia
722 4362 851 4424 tautum
877 4377 958 4446 pars
985 4354 1145 4442 estsine,
1177 4373 1267 4442 quaa
