3058 5046
209 390 217 404 ⁶
251 398 316 462 28⁰
470 391 687 457 cENsvnt
711 390 872 455 Novit
900 389 1146 454 EDITIONIS

251 589 338 658 quae
352 553 591 639 Valckenarius
603 565 733 659 scripsit
746 565 792 634 ad
806 565 995 656 fragmenta
1009 559 1211 632 Callimachi
1222 583 1259 653 p.
1275 493 1362 630 tili.

253 670 431 739 Caeterum
445 669 564 762 insigni
577 668 751 763 diligentia
767 667 905 737 efficere
919 666 1117 734 studuerunt
1123 665 1281 734 Editores
1296 664 1363 732 do-

207 773 389 843 lttctissimi
410 775 446 842 in
461 771 675 840 adnotatione
694 771 790 840 tertia
809 794 845 863 p.
859 769 920 838 43.
938 766 1057 863 ἅβρα,
1082 790 1151 836 ιιοιι
1172 765 1269 863 ἅβρα
1292 791 1364 838 esse

124 869 126 880 ’
252 875 483 961 scribendum,
515 875 680 964 siquidem
701 874 844 945 librariis
865 873 900 941 in
921 871 1116 940 huiusmodi
1137 893 1174 938 re
1194 869 1280 938 fides
1302 879 1363 956 est,

251 969 310 1067 qui
323 1001 425 1070 saepe
442 979 475 1046 in
497 977 663 1067 spiritibus
675 976 841 1070 ponendis
859 973 1136 1068 negligentissimi
1155 981 1240 1050 sunt.
1291 975 1365 1044 Ac-

252 1078 360 1165 cedit,
385 1081 479 1170 quod
492 1081 655 1150 recentior
668 1077 920 1171 pronunciatio,
946 1099 1033 1166 quae
1050 1077 1228 1145 etiamnum
1249 1073 1285 1142 iu
1302 1098 1364 1144 usu

251 1191 301 1253 cst
338 1184 494 1268 Graecis,
542 1204 610 1252 non
650 1183 738 1253 solet
779 1182 966 1274 exprimere
1003 1180 1156 1270 spiritum
1197 1198 1364 1270 aspemm.

252 1284 368 1370 Quare
383 1286 477 1377 quod
500 1285 591 1354 aimrt
602 1287 773 1358 Editoretr
798 1323 850 1336 -
876 1332 897 1372 „
907 1283 1055 1352 Atticam
1071 1305 1151 1350 sane
1165 1281 1364 1372 scripturam

253 1410 325 1456 esse
341 1383 471 1483 α’βρός,
498 1411 566 1457 ιιοιι
585 1383 716 1484 ἁβρᾶς,
742 1386 876 1456 minime
899 1385 1038 1455 dubium
1061 1397 1128 1469 est,
1153 1393 1191 1452 ut
1207 1385 1284 1452 satis
1300 1408 1365 1476 pa·

102 1507 107 1518 ·
251 1498 302 1558 tet
322 1513 363 1560 ex
383 1492 441 1576 iis,
474 1514 562 1581 quae
585 1513 685 1582 supra
707 1489 903 1559 notavimus.
960 1488 1067 1578 Atqui
1092 1509 1201 1576 aeque
1228 1497 1366 1578 patete

251 1593 335 1662 locis
353 1593 400 1662 ibi
418 1594 580 1679 laudatis,
605 1591 814 1692 Ἑλληνικῶς
833 1589 1024 1682 scripsisse“
1057 1591 1255 1682 („scriptum
1271 1595 1366 1658 esse“

252 1689 365 1764 dicere
384 1696 560 1787 volebant)
587 1689 750 1790 ,,ᾰβροί,
778 1717 846 1763 ιιοιι
868 1687 1025 1791 ἁβρᾶς,“
1056 1692 1158 1760 valde
1174 1691 1365 1761 dubitamus

253 1821 297 1866 an
310 1818 379 1864 non
392 1799 434 1868 sit
447 1821 575 1868 verum.
626 1796 730 1866 Redit
743 1798 833 1866 enim
856 1819 925 1879 res,
951 1797 978 1862 si
999 1798 1041 1864 ab
1058 1795 1220 1886 exemplis
1239 1794 1365 1866 disces·

251 1899 347 1985 seris,
371 1902 406 1968 in
426 1902 547 1990 quibus
567 1898 692 1968 librarii
708 1900 819 1968 lenem
840 1899 992 1990 spiritum
1010 1907 1210 1988 posueruut,
1237 1898 1281 1966 ad
1304 1921 1365 1966 au-

252 2002 440 2072 ctoritatem
459 2002 643 2087 Eustathii,
678 2025 779 2090 quem
802 2013 956 2092 apertum
980 2009 1030 2068 est
1057 2001 1247 2070 dubitanter
1269 2002 1366 2090 loqui

252 2114 286 2173 et
299 2097 363 2190 ita,
389 2114 426 2174 ut
447 2106 620 2175 dumtaxat
635 2105 860 2174 coniecturam
880 2103 990 2174 faeiat.
1042 2104 1101 2174 Sic
1123 2104 1211 2172 enim
1236 2105 1365 2175 scribit:

252 2203 313 2280 ὅτι
337 2207 376 2281 δὲ
401 2202 532 2280 καὶ
486 2237 529 2282 ro
557 2201 686 2301 a‘sspo'n
723 2209 827 2303 εἴπερ
858 2210 894 2278 ἐκ
919 2205 989 2278 τοῦ
1014 2208 1039 2276 ἆ
1070 2208 1282 2334 στερητικοῦ
1307 2205 1366 2280 acl

252 2291 322 2384 rori
351 2304 465 2406 βάρος
489 2303 696 2433 βαρυτόνου
723 2308 905 2382 doeoovttir
935 2305 1109 2389 Ἀττικῶς
1139 2307 1199 2380 rol
1232 2335 1363 2402 συγκο-

251 2411 317 2485 ιιὲιι
343 2407 644 2510 dtvrooq'rtq*
591 2412 708 2481 -ln
723 2413 844 2482 eadem
865 2431 952 2478 voce
969 2409 1064 2499 quod
1081 2409 1229 2479 scribunt
1242 2413 1365 2480 Edita

252 2537 362 2605 resp.
385 2513 447 2588 44.
471 2515 737 2601 „'Schneidero
727 2516 856 2584 rnLex.
876 2522 953 2603 post
974 2515 1146 2603 Guyetum
1160 2537 1216 2605 ap
1233 2516 1365 2584 Albert

252 2616 296 2684 ad
319 2615 399 2687 Hes.
425 2639 454 2684 v.
472 2617 604 2734 ᾅβραι,
630 2639 697 2686 vox
712 2611 825 2714 ἁβρός
844 2614 976 2686 videtur
990 2617 1198 2686 descendere
1217 2619 1261 2686 ab
1278 2616 1365 2714 ἄβη,

165 2789 168 2794 ,
252 2713 344 2813 ἠ’βη,
377 2713 527 2814 crispos,
558 2721 790 2812 lanuginosus,
828 2719 951 2792 mollis.
1013 2722 1060 2789 At
1082 2718 1173 2789 hauc
1197 2722 1367 2811 etymolo-

222 2851 226 2859 ·
251 2820 345 2910 giam
366 2841 438 2888 esse
460 2821 580 2890 fabam
607 2825 708 2914 plane
730 2822 853 2893 evincit
875 2823 1006 2914 primae
1026 2823 1175 2912 syllabae
1193 2824 1367 2912 quantitas,

251 2943 340 3010 quae
362 2943 496 3013 semper
518 2923 612 3014 apud
629 2926 826 2993 vetustiores
853 2925 1031 3014 scriptores
1055 2926 1273 3016 corripitur,“
1298 2946 1367 2994 non

155 3064 157 3072 ·
205 3067 210 3082 ι
252 3025 504 3117 satispensitate
517 3026 644 3096 dietum
660 3036 826 3118 putamus
877 3029 966 3102 Nam
982 3037 1020 3095 ut
1036 3027 1156 3097 falsum
1169 3027 1228 3114 sit,
1254 3021 1368 3124 ἀβρδς

251 3128 295 3196 ab
312 3125 382 3224 ἥβη
398 3127 627 3196 derivatum
607 3153 695 3214 esse,
721 3129 766 3200 de
788 3153 858 3220 quo
872 3152 941 3198 nou
956 3132 1199 3217 contendimus,
1225 3140 1260 3198 at
1274 3140 1367 3200 recte

251 3230 424 3297 tamenab
447 3229 542 3324 ἥβω,
569 3233 660 3302 unde
683 3229 752 3353 ἥβη
772 3244 838 3320 est,
865 3232 1062 3303 deducetur.
1097 3234 1151 3302 lta
1174 3227 1307 3358 ardna
1329 3234 1368 3301 lit

250 3357 421 3452 τακερος,
448 3334 492 3400 ab
515 3331 587 3428 ι”δω
610 3333 736 3431 ἄδρυς,
762 3361 783 3404 a
809 3330 911 3431 σήθω
933 3331 1089 3430 caepae,
1122 3361 1144 3405 a
1170 3330 1268 3433 σήπω
1296 3361 1366 3408 σα-

250 3427 361 3529 πρός,
403 3443 438 3504 et
462 3434 527 3502 alia
551 3437 701 3506 similiter
731 3439 888 3529 pluruma
950 3437 1069 3526 Neque
1091 3437 1179 3509 illud
1213 3448 1368 3510 accurate

251 3536 396 3623 dictum,
431 3539 524 3629 apud
552 3540 745 3608 vetustiores
771 3543 950 3633 scriptores
980 3543 1115 3634 corripi.
1167 3541 1369 3611 Producitur

251 3639 340 3708 enim
369 3639 462 3732 apud
486 3643 734 3712 Anacreontem
763 3654 797 3712 et
828 3643 1028 3731 Pindarum,
1069 3645 1249 3736 corripitur
1276 3644 1368 3736 apud

218 3749 222 3760 '
249 3741 400 3832 Atticos,
438 3745 533 3831 quod
562 3744 601 3812 hi
625 3745 866 3838 productiones
892 3758 1033 3838 propter
1058 3757 1186 3816 mutam
1222 3770 1299 3818 cum
1325 3747 1368 3813 li-

251 3842 355 3931 quida
372 3867 442 3913 non
464 3856 591 3915 amant:
617 3871 822 3936 quamquam
844 3850 878 3916 in
901 3851 1097 3941 compositis
1117 3852 1218 3919 etiam
1235 3851 1368 3919 Attico-

251 3967 326 4012 rum
348 3958 472 4038 poetae
492 3950 613 4041 tragici
636 3952 884 4044 produxerunt:
910 3975 1021 4043 neque
1046 3953 1135 4022 cuim
1159 3963 1276 4022 natura
1291 3954 1369 4022 lon-

251 4063 336 4137 'gum
355 4058 404 4118 est
425 4078 450 4123 o
472 4053 506 4119 in
527 4053 595 4122 hao
614 4067 710 4124 uoe'c.¹

351 4250 483 4322 Similia
499 4259 667 4345 quaedam
686 4259 794 4327 notari
818 4283 920 4350 posse
941 4260 1092 4330 videmus
1113 4259 1148 4329 io
1163 4281 1250 4329 voce
1265 4257 1367 4352 ἄγαν.

142 4363 147 4375 “
195 4357 197 4364 ’
250 4353 353 4424 Gaios
397 4377 501 4445 quum
540 4359 625 4428 duas
665 4362 923 4452 significationes
958 4364 1127 4459 posuisset
1165 4361 1369 4455 Stephanus,
