3078 5026
532 285 861 389 οιεοοιιαιιιο
888 325 912 387 ι.
962 337 965 342 ·
1213 321 1278 390 ιιι

158 501 225 570 ἕνα
247 495 442 570 ἐποιοῦντο
458 494 527 594 τήν
544 490 722 594 πάροδοι)
741 494 803 564 sed
817 495 918 566 etiam
931 494 1046 584 quod,
1071 492 1100 564 ai
1124 491 1277 586 singulae

156 599 301 684 Furiae,
328 599 394 666 alia
408 610 488 690 post
505 599 622 684 aliam,
641 599 820 682 irruerent,
844 619 1000 667 nanterus
1014 617 1139 682 aaron,
1164 598 1276 686 utqui

157 702 323 772 continuo
341 712 541 793 augeretur,
566 702 674 773 multo
693 702 801 770 maior
815 701 922 772 rideri
935 700 1101 784 debebat,
1126 721 1229 789 quam
1248 699 1276 768 si

156 804 332 872 ordinibus
349 805 529 910 dispositae
542 805 641 874 simul
653 827 768 873 omnes
787 814 989 924 conspectae
1003 803 1151 876 luissent.
1203 801 1276 874 Sed

158 908 234 1028 quis
247 895 385 976 credat¹
376 931 409 975 ιιι
424 931 464 976 ea
478 917 657 978 retentam
676 908 825 998 potuisse
839 909 907 975 rim
923 907 967 975 ad
979 908 1169 975 terrorem
1158 927 1276 991 messe,
1355 959 1358 966 .

157 1011 188 1078 si
211 1010 353 1096 Furiae,
378 1035 484 1132 ιιιιιιιιι
506 1013 574 1080 iam
598 1021 674 1080 ante
691 1031 807 1082 coram
821 1011 1065 1101 spectatoribus
1078 1031 1194 1078 ornnes
1211 1031 1277 1100 ap-

157 1113 395 1203 paruissent,
385 1137 420 1182 ιιι
433 1115 582 1184 secundo
595 1114 733 1184 demum
748 1123 825 1183 actu
839 1115 885 1182 ita
897 1114 1032 1182 fuissent
1044 1109 1279 1206 introductae?

158 1217 271 1286 Immo
294 1219 342 1287 sic
364 1217 501 1286 demum
525 1219 668 1310 percelli
690 1227 726 1285 et
745 1216 889 1285 horrore
913 1215 1050 1307 impleri
1070 1224 1278 1306 spectatores
1336 1255 1340 1266 .

159 1327 360 1411 potuerunt,
395 1322 421 1388 si
443 1323 571 1413 primus
588 1321 766 1389 Furiarum
793 1320 966 1412 ingressus*
985 1321 1032 1387 ita
1052 1321 1277 1388 tumultuosus

160 1421 253 1492 tuia'
286 1423 420 1510 Quare,
454 1427 516 1494 etsi
535 1425 641 1494 nolim
666 1423 885 1510 contendere,
911 1445 979 1491 non
999 1424 1122 1491 iterum
1148 1423 1195 1492 sie
1219 1441 1276 1488 eas

159 1524 335 1616 prodiisse,
360 1526 448 1597 illud
462 1537 574 1596 tamen
588 1537 825 1618 apertumesse
839 1527 992 1611 arbitror,
1020 1535 1142 1614 neque,
1167 1535 1277 1613 qnan-
1370 1544 1373 1550 ·

158 1639 233 1696 tum
249 1629 376 1720 primus
393 1629 572 1722 adspectus
587 1634 731 1716 valeret,
757 1630 879 1721 lugere
895 1628 1101 1718 Aeschylum
1115 1626 1277 1719 potuisse,

160 1753 225 1802 neo
245 1733 468 1803 narrationem
493 1734 592 1804 istam‘
619 1735 663 1804 de
684 1734 788 1801 nimio
816 1743 1041 1825 spectatorum
1063 1739 1192 1800 terrore
1209 1738 1280 1820 po-'

159 1834 258 1903 tuisse
280 1836 381 1922 oriri,
403 1837 466 1906 nisi
486 1838 514 1906 si
532 1838 642 1929 prima
662 1857 722 1908 eos
738 1837 915 1906 Furiarum
931 1836 1094 1928 ingressio
1116 1835 1164 1903 ita
1179 1855 1278 1903 com·
1365 1827 1369 1832 ’

158 1940 273 2007 movit
324 1939 396 2008 Sed
412 1940 492 2010 licet
506 1943 607 2010 etiam
620 1941 708 2010 ultra
723 1942 947 2032 suspicionem
961 1936 1137 2032 progredi.
1187 1938 1277 2006 Nam

158 2063 270 2130 neque
293 2041 392 2112 chori
413 2064 565 2128 carmen,
599 2044 694 2134 quod
716 2053 765 2112 est
788 2068 809 2111 a
831 2068 863 2112 n.
884 2042 970 2110 143.
994 2065 1100 2131 usque
1121 2040 1167 2110 ad
1187 2037 1275 2111 lto.

158 2167 271 2233 neque
292 2145 386 2234 quod
407 2157 456 2214 est
474 2170 537 2238 ar.
552 2143 639 2220 254.
659 2135 971 2236 antiophona
989 2145 1088 2215 chori
1104 2155 1165 2232 cst,
1188 2163 1277 2231 quae

158 2246 300 2315 demum
313 2271 345 2315 v.
360 2247 445 2316 322.
469 2249 601 2340 incipit:
626 2249 663 2316 id
677 2248 772 2338 quod
791 2258 824 2316 et
838 2247 945 2316 oratio
958 2245 1124 2330 ostendit,
1151 2253 1184 2312 et
1199 2244 1323 2313 ela-14

154 2351 226 2419 rius
243 2349 345 2417 etiam
364 2361 472 2418 metra
493 2352 635 2436 docent,
660 2373 804 2440 quorum
825 2351 915 2419 haec
929 2359 978 2418 est
997 2346 1210 2439 compositio,
1239 2353 1278 2414 ut

154 2473 228 2522 non
244 2473 315 2520 esse
331 2454 375 2521 ab
388 2453 541 2522 universo
556 2450 664 2522 choro
679 2461 813 2524 cantata
833 2461 1012 2544 appareat:
1037 2449 1098 2518 sed
1110 2449 1182 2519 hoo
1194 2445 1278 2516 alius

157 2565 209 2624 est
228 2555 468 2645 disputationis
521 2557 737 2627 consistam
727 2580 763 2625 ιιι
783 2557 958 2644 oratione,
977 2577 1065 2644 quae
1084 2553 1278 2642 inutraque

158 2660 325 2747 carmine,
350 2661 495 2728 maxime
519 2670 631 2729 autem
651 2660 686 2728 in
707 2659 839 2752 priore,
866 2659 1006 2779 egregie
1027 2657 1204 2727 confirmat
1224 2678 1277 2740 ea,

158 2783 248 2852 quae
268 2761 463 2832 scholiastes
487 2762 532 2831 ad
561 2787 591 2832 ι.
622 2761 709 2831 140.
732 2763 919 2831 adnotavit·
929 2755 1152 2885 ἀναστήσει
1164 2751 1279 2845 αὐτας

160 2861 227 2938 οὐκ
267 2859 431 2962 ἁθρόως,
477 2893 705 2960 μιμουμενος
733 2863 960 2991 ἐμφαντικῶς
986 2891 1054 2987 την
1083 2855 1277 2984 dividetur,
1379 2869 1385 2898 ¹
1518 2939 1528 2950 ‚

159 2963 243 3048 ἀλλ’
270 2966 448 3064 ιγιίριταέ
465 2995 522 3050 τις
540 2963 686 3067 πρώτη,
716 2965 802 3050 dcta
828 2997 879 3066 μη
904 2960 1049 3064 ἁθρόοις
1073 2959 1141 3039 τοι
1165 2989 1277 3062 χοροι

160 3070 405 3164 φθέγξασθαι
436 3071 543 3141 Aliud
558 3071 698 3161 quidem
710 3071 793 3141 huio
805 3067 1062 3161 quodammodo
1082 3089 1279 3160 repugnans

159 3170 313 3242 scholion
335 3173 381 3241 ad
409 3197 441 3242 v.
465 3172 551 3242 144.
576 3175 783 3266 adscriptum
807 3183 875 3259 est,
901 3173 985 3242 alius
1009 3171 1149 3240 fortasse
1172 3171 1273 3238 inter

158 3277 279 3366 protis·
304 3276 536 3399 κομματικῶς
557 3282 709 3350 ἕκαστον
731 3304 799 3350 κατ
806 3273 931 3350 ἴδιαι
954 3273 1210 3372 oporteretne·
1237 3277 1277 3344 αἱ
1319 3357 1326 3369 ,

158 3371 230 3474 γαρ
254 3378 425 3456 διακοπαὶ
447 3372 646 3477 τρόιφοροι
671 3385 747 3462 τοῖς
764 3373 933 3454 audacer
985 3376 1058 3446 Sed
1078 3378 1148 3446 hoo
1171 3377 1277 3444 inter-

158 3489 276 3572 prete,
316 3483 376 3550 etsi
408 3506 477 3551 non
506 3483 771 3570 contemnendo,
809 3505 916 3574 quum
943 3481 1085 3549 meliora
1110 3500 1172 3545 nos
1202 3477 1277 3566 ipse

156 3593 263 3674 poeta
284 3583 423 3670 doceat,
455 3585 558 3658 facile
577 3586 772 3656 carebimus.
823 3585 954 3652 Totum
974 3582 1064 3648 enim
1083 3577 1174 3648 istud
1199 3601 1277 3650 oer-

157 3710 290 3756 mena.
312 3710 342 3755 v.
366 3686 452 3756 14⁰.
479 3688 524 3758 ad
547 3711 579 3756 v.
607 3686 693 3755 178.
717 3698 787 3755 tam
811 3686 904 3754 omni
928 3685 1162 3754 sententiarum
1187 3704 1277 3750 nexu

157 3790 356 3860 destitutum
378 3801 442 3877 est,
473 3801 610 3882 tamque
628 3791 749 3860 multas
771 3791 920 3860 continet
940 3787 1090 3861 eiusdem
1110 3785 1160 3854 rei
1178 3787 1277 3856 aliter

155 3894 261 3983 'atque
283 3895 379 3963 aliter
397 3918 572 3987 expressae
592 3895 822 3986 repetitiones,
847 3903 885 3962 ut
909 3915 978 3961 non
998 3881 1151 3961 videatur
1173 3889 1276 3958 duhi-

158 3999 223 4064 tari
239 4020 356 4087 posse,
382 4001 481 4088 quin,
507 3997 601 4089 quod
618 3999 699 4066 alibi
714 4021 867 4088 quoque,
893 3997 1018 4065 eodem
1031 3994 1157 4064 iudicio
1171 3993 1276 4078 ducti,

157 4101 287 4170 factum
301 4102 610 4188 animadvertimus,
636 4126 704 4170 non
716 4104 885 4170 universus
899 4099 1040 4184 chorus,
1064 4107 1122 4168 aut
1138 4119 1205 4188 pro
1232 4117 1276 4164 eo

159 4205 393 4296 coryphaeus,
418 4206 479 4274 sed
498 4207 649 4298 singulae
664 4225 830 4297 personae
850 4204 1041 4294 loquantur.
1091 4202 1164 4270 Has
1187 4201 1275 4269 enim

108 4331 112 4338 ·
160 4307 324 4404 deinceps
341 4309 541 4426 accedentes
560 4327 671 4402 neque
684 4310 808 4381 mirum
824 4315 878 4380 est
894 4307 930 4377 in
951 4308 1029 4404 pari
1046 4305 1277 4400 indignatione
