3058 5046
442 361 624 424 ΕΣΜΟΣ
639 363 933 425 ΜΕΛΙΣΣΗΣ.
1174 363 1238 426 268

120 532 194 616 his,
225 530 311 601 illud
342 532 449 626 egisse
480 507 678 624 Epinicnm,
718 513 756 601 ut
775 505 965 601 dictionem
982 529 1239 632 Mneslptolemi

119 634 255 703 rideret.
305 636 348 704 Id
375 635 484 727 magis
506 636 606 704 etiam
628 659 670 706 ex
694 636 870 704 versibus
861 635 952 725 ipsis
947 633 1094 724 Εριιιιιιι
1115 637 1237 706 ιιιιιιιιι-

121 739 255 830 gitur,
257 760 357 826 quos
382 717 575 807 emendatos
599 739 657 809 bic
682 761 819 829 ponam.
876 738 996 805 Νιιιι
986 760 1021 805 ιιι
1040 738 1101 806 tali
1123 761 1238 808 canssn

122 862 191 908 non
213 840 287 907 satis
305 851 372 926 est,
397 840 558 911 formulas
580 842 744 912 dicendi
734 863 822 932 rpsas
849 840 1011 932 spectari,
1037 840 1098 908 sed
1120 841 1239 909 viden-

122 943 207 1010 dum
224 951 273 1011 est
293 945 410 1029 etiam,
444 964 511 1032 qua
535 955 646 1013 mente
665 967 775 1034 quove
794 943 933 1013 consilio
956 953 1134 1034 usurpatae
1159 946 1238 1013 siut:

121 1067 211 1136 qnae
243 1069 295 1114 res
319 1067 397 1118 curn
422 1047 605 1138 scripturae
635 1047 867 1116 emendatione
889 1047 1155 1116 coniunctissima
1177 1057 1237 1116 est.

120 1149 173 1216 lta
192 1156 303 1216 autem
324 1150 436 1220 scribit
453 1150 614 1241 Epinicns
636 1173 657 1219 e
675 1170 821 1243 persona
840 1147 1108 1240 Mnesiptolemi.

226 1295 285 1373 ιιι
311 1291 467 1396 diolcon
491 1299 644 1374 πίνοντα
663 1304 733 1374 τοῦ
749 1302 983 1400 deportarent

227 1397 313 1475 idon
330 1406 508 1477 Σέλευκον
528 1402 636 1500 ἡδέως
655 1398 721 1477 adr
740 1406 906 1496 βασιλέα,

227 1505 370 1626 ἔγραψα
392 1534 451 1578 και
443 1505 681 1627 παρέδειξα
686 1513 762 1587 τοῖς
787 1501 968 1592 πολλοῖς
945 1532 1007 1578 στι

224 1605 291 1678 uda
305 1601 352 1729 ap*
365 1601 476 1698 ιυχδν
493 1605 516 1704 ᾖ
530 1600 772 1731 πραγμάτιον
782 1637 802 1705 η
791 1601 954 1726 σφύδρ
975 1601 1132 1693 adraldo,

224 1703 358 1803 σιμνιιν
379 1705 663 1784 δύναταιιυύθ
650 1703 946 1834 ἠδύιαμιςη’
945 1737 998 1806 μη
1020 1715 1156 1783 ποιεῖν’
1239 1723 1282 1785 69
1363 1723 1365 1732 ‘

140 1830 143 1835 “
224 1806 587 1933 „repausationem
614 1807 745 1886 τόντε
770 1813 833 1936 γῆς
854 1807 921 1884 αι’
941 1807 1118 1893 Ἀτθίδος

224 1908 365 2008 ,,ἑσμόν
386 1913 551 2039 μελίσσης
573 1915 636 2012 τῆς
660 1909 862 2041 ἀκραχόλου
885 1906 1015 2010 γλυκυν

222 2011 539 2136 »συγκυρκανήσας
562 2019 600 2090 ἐν
619 2012 739 2112 σκύφῳ
761 2018 869 2140 χυτῆς
884 2016 1007 2106 λίθου,

224 2113 500 2214 ,Λήμητρυς
476 2117 568 2212 ακτῇ
592 2119 665 2191 πυῖν
686 2113 896 2240 γεφυρώσας
915 2113 1048 2213 ὑγρόν,

224 2246 486 2316 ,momentano
506 2219 616 2313 πῶμα
632 2217 816 2312 καύματος
828 2213 941 2292 λύσιν.
943 2225 965 2262 “

115 2371 228 2442 lactat
252 2369 532 2463 Mnesiptolemus
559 2381 666 2441 artem
696 2395 791 2442 snam
818 2395 872 2442 res
901 2372 1052 2461 quamvis
1080 2372 1235 2463 vulgares

122 2473 280 2542 dictionis
302 2475 484 2565 splendore
511 2476 555 2544 ad
577 2477 730 2546 eximiam
744 2476 1012 2595 magnitudinem
1033 2485 1067 2544 et
1086 2476 1236 2568 gravita-

120 2587 190 2646 tem
206 2576 399 2646 extollendi.
453 2578 555 2648 Cuius
569 2580 646 2648 artis
662 2579 834 2672 specimen
849 2578 963 2666 edens,
988 2580 1119 2671 grande
1132 2578 1234 2668 quid
1234 2653 1238 2664 ¹

121 2679 203 2780 darp
233 2688 267 2747 et
295 2681 473 2774 tragoedia
501 2683 644 2776 dignum
672 2704 790 2777 sonare
819 2683 953 2774 incipit.
991 2682 1082 2751 unde
1111 2705 1234 2768 versus,

27 2813 30 2821 ·
119 2782 241 2872 quibus
264 2780 334 2854 boc
359 2785 529 2877 specimen
556 2785 761 2873 continetur,
795 2787 896 2854 etiam
926 2787 1070 2854 numeris
1098 2786 1235 2877 tragicis

120 2885 290 2954 irrcednnt.
340 2887 394 2954 Ex
414 2909 482 2976 qna
506 2911 545 2956 re
565 2889 779 2981 intelligitur,
805 2899 1000 2982 corruptam
1019 2890 1234 2980 assemdgn-

120 2996 190 3055 tarn
210 2989 409 3079 scripturam
431 2986 652 3088 α’κρολιιγου,
688 3015 792 3082 qnam
820 2993 1006 3074 Benkasos,
1039 2992 1234 3082 sitragicos

119 3088 179 3162 hic
200 3113 355 3160 numeros
372 3095 497 3182 requiri
520 3094 819 3178 animadvertisset,
851 3095 952 3164 facile
973 3093 1109 3161 vidisset
1139 3094 1235 3161 aliter

120 3213 224 3283 quam
243 3193 360 3262 addito
376 3195 420 3262 ad
435 3189 566 3287 γλυκύν
582 3197 723 3265 articulo
737 3195 974 3286 corrigendam
995 3214 1075 3264 esse
1111 3195 1233 3280 Quod

118 3295 155 3362 ιιι
177 3297 325 3386 epitome
338 3296 415 3364 MS.
428 3297 570 3388 legitur,
597 3291 818 3394 ιικρολιιχου,
845 3298 922 3366 satis
937 3308 1054 3418 aperte
1073 3310 1233 3367 monstrnt

118 3397 333 3469 scribendum
353 3422 425 3467 esse
440 3393 665 3494 υἷιραχύλου,·
691 3421 834 3488 eamque
855 3401 964 3492 ipsam
980 3381 1207 3490 scripturam
1197 3424 1233 3468 ιιι
1284 3401 1287 3408 ’
1317 3411 1320 3425 “

121 3503 287 3592 excerptis
308 3503 496 3593 repperisse
514 3525 552 3570 se
570 3511 708 3571 testatur
730 3503 964 3591 casaubonus,
993 3513 1233 3594 superantem

119 3603 242 3674 mento
266 3604 404 3674 adscivit
422 3605 602 3675 lacobsins.
659 3599 801 3677 Γλυκυν
824 3606 961 3694 quidem
988 3615 1081 3675 recte
1101 3606 1233 3696 reposi-

122 3714 196 3772 tum
215 3717 299 3798 puto
321 3730 386 3798 pro
401 3701 510 3803 γλυκύ
516 3706 652 3797 ,quod
665 3706 744 3775 libri
759 3706 896 3776 habent
946 3709 1034 3776 Nam
1049 3708 1109 3775 etsi
1132 3708 1233 3776 etiarn
1269 3761 1271 3766 ,

119 3810 243 3902 γλυκεῖ
246 3864 260 3900 ,
293 3811 388 3899 qnod
408 3810 466 3878 ad·
479 3804 600 3905 σκύφῳ
626 3811 823 3899 referretur,
849 3811 994 3880 scribere
1013 3811 1124 3902 potuit
1144 3812 1233 3903 Epi-

119 3910 233 3997 nicus,
258 3921 372 3983 tamen
384 3913 576 3984 concinnior
588 3913 720 3983 ridetur
735 3914 861 4000 oratio,
886 3915 992 3983 relato
1011 3914 1082 3982 boc
1097 3915 1232 3984 nomine

121 4011 168 4080 ad
190 4008 314 4107 ἑσμόν.
356 4009 683 4114 Συγιιυριιακήσας,
724 4018 940 4106 quodetiam
973 4017 1144 4087 lacobsins
1164 4041 1233 4108 po-

121 4114 223 4202 suit,
238 4119 428 4188 emendatio
455 4127 521 4207 est,
555 4119 616 4188 nisi
649 4119 769 4205 fallor,
814 4118 1050 4189 Schneideri
1040 4141 1075 4187 m
1103 4121 1232 4192 Lexico

122 4215 276 4291 Graeco.
310 4221 395 4290 nihil
417 4231 466 4291 est
487 4223 575 4290 enim
592 4222 768 4344 vplgatum
793 4215 1089 4321 συγκυρκανήσας
1139 4225 1232 4293 Τιιιι

120 4320 179 4410 qui
199 4321 273 4398 ιιιικ
294 4351 337 4419 γι
356 4320 520 4424 caeduae
536 4318 649 4422 ιιγρόν
671 4324 772 4396 scribi
791 4326 986 4413 voluerunt,
1011 4347 1122 4416 neque
1148 4324 1231 4416 qnid
