3120 5030
257 355 301 418 32
331 343 401 412 ΙΙ)Ε
427 350 630 414 LEGIBVS
652 351 929 428 Qvluvsonn
957 299 1333 417 svnrlulonrnt's

258 525 424 617 optantis,
450 547 537 614 quae
557 522 697 616 quidem
716 523 800 592 ratio
822 524 924 592 ctiam
938 525 1019 594 alias
1040 524 1167 596 formas
1189 525 1314 612 habet,
1340 537 1386 596 ιιι

255 628 528 720 interrogativum
542 651 621 697 eum
632 629 803 720 particulis
819 627 891 710 ruric
907 624 966 716 cir,
995 629 1178 721 ellipticam
1199 652 1277 702 cum
1294 653 1384 722 par-

257 732 361 801 ticula
382 734 431 815 εἰ,
458 731 616 820 aliasque.

359 835 430 902 Sed
454 834 559 904 redeo
586 833 631 902 ad
653 833 840 953 simplicem
864 833 961 900 iilum
992 832 1131 924 optativi
1157 856 1272 918 usum,
1305 856 1381 922 quo

256 937 395 1006 nihil
364 938 426 1005 msi
448 961 535 1028 quae
557 938 711 1004 tantum
702 960 737 1004 ιιι
753 937 958 1028 cogitatione
975 937 1086 1028 posita
1106 948 1196 1024 sunt,
1223 937 1381 1006 indican-

255 1052 318 1110 tur.
371 1041 444 1108 Is
435 1065 469 1109 ιιι
495 1041 612 1131 primis
636 1041 769 1109 inservit
796 1038 934 1108 consilio
955 1041 1159 1128 rationique,
1192 1041 1239 1108 ob
1273 1063 1380 1130 quarn

257 1144 341 1234 quid
361 1145 439 1227 fiat,
471 1129 719 1235 significandae.
771 1142 843 1211 Sed
867 1143 998 1234 placuit
1023 1143 1179 1229 Graecia,
1205 1143 1250 1211 de
1272 1166 1378 1234 prae·
1396 1215 1398 1222 ,

257 1249 341 1316 senti
361 1247 517 1314 futurove
546 1247 683 1316 consilio
705 1247 778 1314 fere
803 1255 876 1314 tum
906 1248 1057 1338 optativo
1077 1248 1144 1331 uti,
1178 1245 1205 1314 si
1234 1245 1379 1318 effectus

259 1350 381 1419 dubius
403 1357 505 1430 esset3
537 1351 586 1418 sin
614 1350 739 1433 minus,
773 1350 887 1439 potius
921 1349 1133 1420 coniunctivo
1153 1357 1307 1434 utuntur,
1341 1359 1381 1416 ut

213 1467 255 1526 lo
263 1476 322 1543 qur
356 1452 406 1521 rei
442 1474 521 1522 vere
560 1455 693 1523 futurae
728 1453 952 1542 praesentiave
991 1453 1163 1520 notionem
1198 1453 1379 1523 contineat.

260 1557 387 1626 Contra
410 1555 455 1624 de
476 1557 663 1646 praeteritis
691 1556 834 1623 comiliis
859 1557 1105 1627 coniunctivum
1131 1555 1180 1622 ibi
1176 1567 1380 1660 usurpant,

257 1661 317 1728 ubi
330 1659 470 1750 effectus
491 1659 605 1730 adhuc
620 1659 737 1742 durat,
762 1659 818 1727 vel
839 1659 1082 1749 exspectandus
1102 1669 1167 1740 est3
1193 1681 1305 1748 quum
1316 1684 1379 1726 au·

256 1773 326 1832 tem
351 1763 419 1830 iam
446 1763 634 1852 praeteriit,
666 1761 826 1851 quoniam
856 1756 894 1830 id
916 1763 1041 1831 diserte
1067 1763 1177 1830 nullus
1196 1764 1378 1830 verborum

256 1865 380 1934 modus
401 1866 542 1952 indicat,
576 1865 763 1956 optativum
787 1847 966 1952 adhibent,
999 1867 1058 1955 qui
1086 1887 1191 1955 quum
1216 1865 1379 1935 effectum

256 1991 327 2036 non
345 1991 483 2053 verum,
510 1968 571 2036 sed
589 1968 706 2036 'modo
735 1969 924 2060 cogitatum
953 1978 1066 2054 notet,
1093 1969 1212 2036 saitem
1236 1991 1305 2036 non
1329 1970 1378 2036 si—

256 2072 398 2165 gnificat
426 2095 504 2141 eum
525 2070 641 2142 adhuc
667 2093 821 2154 manere,
858 2072 919 2138 sed
945 2073 1059 2162 potius
1085 2071 1191 2140 refert
1220 2072 1266 2138 ad
1292 2071 1379 2138 illud

255 2185 408 2299 tempur,
434 2196 512 2296 quo
526 2184 663 2265 captum
690 2183 739 2242 cst
760 2173 944 2245 consilium.
996 2174 1093 2244 lliad
1114 2201 1145 2272 η.
1166 2172 1292 2241 438st
1278 2170 1376 2248 aur)

257 2274 404 2352 αὐτοῖσι
427 2271 578 2360 πύλας’
561 2276 744 2352 ιιιποίεοι
762 2305 801 2350 eo
828 2273 1016 2372 ἀραρυίας,
1045 2275 1143 2372 ὅφρᾳ
1161 2272 1206 2360 δι’
1228 2271 1377 2349 αὐτάων

256 2381 450 2478 ἱππηλασίη
475 2375 614 2462 ὁδος’
583 2385 646 2480 εἴη.
704 2380 838 2450 Eadem
861 2384 967 2450 verba
989 2390 1117 2450 exstant
1145 2403 1175 2448 v.
1199 2377 1285 2448 339.
1316 2380 1378 2448 sed

135 2509 137 2514 ’
256 2505 380 2572 quum
391 2483 439 2554 ibi
468 2477 669 2582 ποιήσομεν
699 2483 849 2574 dicatur,
891 2485 953 2553 etsi
985 2487 1039 2578 ιῖη
1065 2505 1133 2552 ιιοιι
1166 2491 1216 2551 est
1244 2483 1378 2568 falsum,

256 2597 370 2654 tamen
393 2587 456 2654 nisi
481 2587 662 2676 significari
689 2587 801 2672 voles,
834 2594 872 2653 ut
892 2589 1005 2678 possit
1033 2609 1125 2671 esse,
1164 2586 1377 2656 coniunctivo
1409 2631 1412 2637 -

256 2711 354 2757 usum
370 2711 440 2756 esse
454 2697 595 2778 poetam
618 2687 746 2756 credas.
799 2688 935 2772 Frustra
959 2697 1071 2758 autem
1089 2689 1289 2760 coniunctivi
1303 2690 1378 2756 for-

257 2813 350 2859 mam
383 2793 435 2885 εἴῃ
466 2790 502 2856 in
534 2789 729 2860 Thierschii
754 2793 975 2881 grammatica
1003 2793 1189 2861 Homerica
1220 2815 1377 2882 quaeras:
1447 2820 1450 2824 ·
1557 2823 1558 2882 ι

223 2952 225 2958 .
257 2917 361 2982 qnam
381 2903 493 2962 tamen
516 2893 666 2985 diligens
679 2904 804 2984 poetae
829 2896 930 2963 le'ctio
955 2919 1024 2964 non
1044 2919 1112 2964 uno
1126 2897 1217 2978 loco,
1244 2897 1377 2987 opinor,

257 2995 429 3066 vindicare
453 2995 594 3087 poterit:
618 2996 697 3064 vide
726 2997 765 3064 lt.
793 3025 817 3068 ι.
842 2994 928 3066 245.
951 2999 1019 3068 od.
1045 3027 1076 3072 o.
1102 2997 1190 3067 448.
1222 3025 1256 3093 ρ.
1288 2996 1377 3066 686.
1557 3005 1558 3065 i

257 3124 368 3224 neque
398 3099 513 3196 aliter,
549 3101 611 3167 nisi
638 3101 763 3183 fallor,
796 3100 837 3167 ll.
859 3127 890 3172 σ.
914 3100 975 3170 88.
1034 3099 1156 3170 Vtrum
1181 3113 1293 3170 autem
1321 3105 1376 3198 εἷ”ῃ

225 3235 228 3254 ι
258 3227 308 3270 an·
323 3201 367 3298 ἤῃ
390 3212 556 3292 praestet,
583 3226 651 3272 non
666 3204 887 3274 diiudicarim.
939 3205 1032 3296 Illud
1053 3215 1181 3274 certum
1203 3215 1268 3291 est,
1295 3205 1386 3274 Ari-⁴
1557 3191 1558 3272 i

256 3303 392 3374 starcho
418 3315 452 3372 et
482 3308 743 3376 accuratioribus
762 3291 992 3399 grammaticis
1017 3309 1113 3398 (vide
1136 3309 1250 3399 Etym
1271 3309 1323 3376 Μ.
1340 3332 1375 3398 p.
1557 3311 1558 3344 ¹

192 3449 194 3462 =
255 3408 352 3494 787,
385 3405 464 3498 26.)
505 3407 625 3504 φανήῃ
655 3410 804 3498 aliasque
830 3411 951 3478 similes
977 3412 1105 3480 formas
1136 3407 1269 3480 etiam
1259 3435 1294 3480 ιιι
1322 3411 1377 3480 his

255 3513 391 3597 verbis,
438 3535 459 3578 a
488 3512 610 3600 quibus
636 3512 857 3582 Thierschins
884 3537 940 3582 cas
965 3503 1160 3584 abiudicare
1191 3538 1289 3582 ansus
1317 3524 1378 3600 est,

254 3607 415 3709 probatas
443 3614 557 3688 fuisse.
619 3614 695 3684 Sed
717 3615 787 3686 hoc
811 3616 931 3690 obiter
982 3617 1124 3708 Vtrique
1149 3618 1256 3686 modo
1281 3618 1379 3702 locus

256 3728 307 3788 est
337 3722 373 3786 in
403 3718 493 3803 hoc,
536 3719 577 3791 ll.
614 3747 645 3808 χ.
673 3716 759 3797 252.
796 3718 861 3815 miv
891 3714 983 3792 aori
1012 3747 1060 3814 με
1093 3715 1214 3813 &opor
1245 3716 1377 3816 ᾰιῆιιειι

256 3819 434 3912 στήμεναι
453 3817 561 3894 duria
586 3828 684 3913 osio,
710 3821 831 3914 ἕλοιμί
846 3849 906 3894 nau
924 3819 949 3920 ἤ
969 3849 1029 3896 aar
1048 3820 1186 3920 ἁλοίην,
1213 3833 1317 3914 prout
1332 3823 1378 3892 ad

255 3932 387 4012 tempus
414 3924 504 4016 capti
525 3924 673 4009 consilii,
717 3926 775 3992 vel
793 3947 861 4012 quo
886 3925 1080 4015 perficitur,
1110 3927 1250 3994 referas.
1306 3925 1379 3998 Sed
1414 3925 1416 3932 '

253 4034 351 4132 patet
371 4025 430 4094 hic
443 4027 584 4119 optativi
604 4050 681 4096 usus
698 4026 870 4118 aliquanto
891 4028 1008 4115 latius,
1037 4038 1072 4096 et
1092 4052 1195 4119 saepe
1219 4030 1320 4099 etiam
1342 4029 1378 4098 in
1422 4043 1424 4046 ’

256 4130 502 4251 constructione
532 4131 775 4224 particularum
804 4131 1042 4261 temporplium
1069 4134 1223 4200 cernitur.
1275 4132 1374 4201 lliad.

171 4261 173 4274 ·
257 4236 288 4306 δ
316 4230 403 4300 262.
434 4227 501 4355 priv
526 4234 565 4306 ot
595 4239 719 4308 πλεῖον
741 4235 850 4315 δέπας
875 4232 947 4306 αἰεὶ
969 4230 1093 4330 ἑμστηχ
1130 4231 1243 4356 ὥςπερ
1278 4234 1377 4328 ἐμοί,

256 4337 391 4420 πιέειν,
426 4328 680 4429 ὅτιθιιμός’
655 4329 800 4431 osoiym
850 4335 921 4410 od
941 4345 980 4411 θ.
1007 4335 1069 4406 69.
1086 4331 1232 4434 παρδ’
1258 4336 1378 4417 iratae
