<?xml version="1.0" encoding="UTF-8"?>
<!DOCTYPE html PUBLIC "-//W3C//DTD XHTML 1.0 Transitional//EN"
    "http://www.w3.org/TR/xhtml1/DTD/xhtml1-transitional.dtd">
<html xmlns="http://www.w3.org/1999/xhtml" xml:lang="en" lang="en">
 <head>
  <title>
</title>
<meta http-equiv="Content-Type" content="text/html;charset=utf-8" />
  <meta name='ocr-system' content='tesseract 3.04.00' />
  <meta name='ocr-capabilities' content='ocr_page ocr_carea ocr_par ocr_line ocrx_word'/>
</head>
<body>
  <div class='ocr_page' id='page_1' title='image "./opuscula03hermgoog/opuscula03hermgoog_0065.png"; bbox 0 0 3120 5030; ppageno 0'>
   <div class='ocr_carea' id='block_1_1' title="bbox 249 303 1316 422">
    <p class='ocr_par' dir='ltr' id='par_1_1' title="bbox 249 303 1316 422">
     <span class='ocr_line' id='line_1_1' title="bbox 249 303 1316 422; baseline -0.01 -6"><span class='ocrx_word' id='word_1_1' title='bbox 249 352 293 416; x_wconf 80' lang='lat' dir='ltr'><strong>nr</strong></span> <span class='ocrx_word' id='word_1_2' title='bbox 333 347 392 410; x_wconf 84' lang='lat' dir='ltr'><strong>on</strong></span> <span class='ocrx_word' id='word_1_3' title='bbox 419 345 620 410; x_wconf 81' lang='lat' dir='ltr'><strong>nrornvs</strong></span> <span class='ocrx_word' id='word_1_4' title='bbox 642 343 916 422; x_wconf 81' lang='lat' dir='ltr'><strong>ovrnvsnrn</strong></span> <span class='ocrx_word' id='word_1_5' title='bbox 943 303 1316 407; x_wconf 80' lang='lat' dir='ltr'><strong>svnrrn&#39;ronrnvs</strong></span> 
     </span>
    </p>
   </div>
   <div class='ocr_carea' id='block_1_2' title="bbox 115 513 1473 4419">
    <p class='ocr_par' dir='ltr' id='par_1_2' title="bbox 194 513 1363 1125">
     <span class='ocr_line' id='line_1_2' title="bbox 250 513 1363 608; baseline -0.007 -16"><span class='ocrx_word' id='word_1_6' title='bbox 250 519 428 605; x_wconf 78' lang='lat' dir='ltr'><strong>censarius,</strong></span> <span class='ocrx_word' id='word_1_7' title='bbox 452 527 491 588; x_wconf 87' lang='lat' dir='ltr'><strong>nt</strong></span> <span class='ocrx_word' id='word_1_8' title='bbox 507 517 650 608; x_wconf 83' lang='lat' dir='ltr'><strong>ubique,</strong></span> <span class='ocrx_word' id='word_1_9' title='bbox 675 518 723 587; x_wconf 78' lang='lat' dir='ltr'><strong>ito</strong></span> <span class='ocrx_word' id='word_1_10' title='bbox 747 517 848 588; x_wconf 78' lang='lat' dir='ltr'><strong>etism</strong></span> <span class='ocrx_word' id='word_1_11' title='bbox 869 516 903 584; x_wconf 91' lang='lat' dir='ltr'><strong>in</strong></span> <span class='ocrx_word' id='word_1_12' title='bbox 923 513 1131 608; x_wconf 77' lang='lat' dir='ltr'><strong>pronominis</strong></span> <span class='ocrx_word' id='word_1_13' title='bbox 1150 535 1212 584; x_wconf 90' lang='lat' dir='ltr'><strong>usn</strong></span> <span class='ocrx_word' id='word_1_14' title='bbox 1230 515 1363 584; x_wconf 78' lang='lat' dir='ltr'><strong>indicn-</strong></span> 
     </span>
     <span class='ocr_line' id='line_1_3' title="bbox 249 617 1363 712; baseline -0.007 -18"><span class='ocrx_word' id='word_1_15' title='bbox 249 625 335 694; x_wconf 63' lang='grc' dir='ltr'><strong><em>ἤνυε</em></strong></span> <span class='ocrx_word' id='word_1_16' title='bbox 355 631 414 694; x_wconf 83' lang='lat' dir='ltr'><strong>est.</strong></span> <span class='ocrx_word' id='word_1_17' title='bbox 464 622 534 690; x_wconf 84' lang='lat' dir='ltr'><strong>Vbi</strong></span> <span class='ocrx_word' id='word_1_18' title='bbox 553 631 666 691; x_wconf 77' lang='lat' dir='ltr'><strong>rorem</strong></span> <span class='ocrx_word' id='word_1_19' title='bbox 686 620 732 690; x_wconf 85' lang='lat' dir='ltr'><strong>de</strong></span> <span class='ocrx_word' id='word_1_20' title='bbox 751 619 913 712; x_wconf 71' lang='lat' dir='ltr'>singulari</span> <span class='ocrx_word' id='word_1_21' title='bbox 943 618 1036 688; x_wconf 75' lang='lat' dir='ltr'><strong>fecto</strong></span> <span class='ocrx_word' id='word_1_22' title='bbox 1055 617 1185 708; x_wconf 73' lang='lat' dir='ltr'><strong>agitur,</strong></span> <span class='ocrx_word' id='word_1_23' title='bbox 1218 619 1363 688; x_wconf 86' lang='lat' dir='ltr'><strong>coniun-</strong></span> 
     </span>
     <span class='ocr_line' id='line_1_4' title="bbox 250 720 1363 810; baseline -0.007 -12"><span class='ocrx_word' id='word_1_24' title='bbox 250 729 340 798; x_wconf 87' lang='lat' dir='ltr'><strong>ctivo</strong></span> <span class='ocrx_word' id='word_1_25' title='bbox 354 725 451 796; x_wconf 87' lang='lat' dir='ltr'><strong>locus</strong></span> <span class='ocrx_word' id='word_1_26' title='bbox 473 733 540 810; x_wconf 87' lang='lat' dir='ltr'><strong>est,</strong></span> <span class='ocrx_word' id='word_1_27' title='bbox 564 744 629 794; x_wconf 86' lang='lat' dir='ltr'><strong>nec</strong></span> <span class='ocrx_word' id='word_1_28' title='bbox 649 733 778 808; x_wconf 80' lang='lat' dir='ltr'><strong>temen,</strong></span> <span class='ocrx_word' id='word_1_29' title='bbox 803 733 841 792; x_wconf 89' lang='lat' dir='ltr'><strong>nt</strong></span> <span class='ocrx_word' id='word_1_30' title='bbox 854 721 1052 792; x_wconf 69' lang='lat' dir='ltr'><strong>excludatur</strong></span> <span class='ocrx_word' id='word_1_31' title='bbox 1066 720 1274 805; x_wconf 76' lang='lat' dir='ltr'><strong>indicativus,</strong></span> <span class='ocrx_word' id='word_1_32' title='bbox 1300 721 1363 790; x_wconf 87' lang='lat' dir='ltr'><strong>nisi</strong></span> 
     </span>
     <span class='ocr_line' id='line_1_5' title="bbox 194 820 1362 919; baseline -0.002 -21"><span class='ocrx_word' id='word_1_33' title='bbox 194 875 196 886; x_wconf 49' lang='grc' dir='ltr'><strong><em>ι</em></strong></span> <span class='ocrx_word' id='word_1_34' title='bbox 248 830 277 898; x_wconf 84' lang='lat' dir='ltr'><strong>si</strong></span> <span class='ocrx_word' id='word_1_35' title='bbox 299 828 460 898; x_wconf 72' lang='lat' dir='ltr'><strong>admissus</strong></span> <span class='ocrx_word' id='word_1_36' title='bbox 475 850 549 896; x_wconf 88' lang='lat' dir='ltr'><strong>rem</strong></span> <span class='ocrx_word' id='word_1_37' title='bbox 567 827 761 919; x_wconf 73' lang='lat' dir='ltr'><strong>ambiguam</strong></span> <span class='ocrx_word' id='word_1_38' title='bbox 782 825 915 898; x_wconf 72' lang='lat' dir='ltr'><strong>reddet.</strong></span> <span class='ocrx_word' id='word_1_39' title='bbox 965 824 1006 892; x_wconf 76' lang='lat'><strong>11.</strong></span> <span class='ocrx_word' id='word_1_40' title='bbox 1029 844 1070 918; x_wconf 83' lang='grc' dir='ltr'><strong>ψ.</strong></span> <span class='ocrx_word' id='word_1_41' title='bbox 1087 821 1173 891; x_wconf 88' lang='grc'><strong>511.</strong></span> <span class='ocrx_word' id='word_1_42' title='bbox 1194 820 1304 897; x_wconf 85' lang='grc' dir='ltr'><strong><em>ὅσσον</em></strong></span> <span class='ocrx_word' id='word_1_43' title='bbox 1321 824 1362 898; x_wconf 78' lang='lat' dir='ltr'><strong>dd</strong></span> 
     </span>
     <span class='ocr_line' id='line_1_6' title="bbox 249 920 1362 1028; baseline -0.007 -23"><span class='ocrx_word' id='word_1_44' title='bbox 249 931 388 1028; x_wconf 75' lang='grc' dir='ltr'><strong><em>τροχοῦ</em></strong></span> <span class='ocrx_word' id='word_1_45' title='bbox 408 937 516 1010; x_wconf 71' lang='grc' dir='ltr'><strong><em>ἵππος</em></strong></span> <span class='ocrx_word' id='word_1_46' title='bbox 543 925 768 1025; x_wconf 74' lang='grc' dir='ltr'><strong><em>ἀφίσταται,</em></strong></span> <span class='ocrx_word' id='word_1_47' title='bbox 795 925 834 1008; x_wconf 86' lang='grc' dir='ltr'><strong>ὅς</strong></span> <span class='ocrx_word' id='word_1_48' title='bbox 855 920 903 1026; x_wconf 80' lang='grc' dir='ltr'><strong>ριί</strong></span> <span class='ocrx_word' id='word_1_49' title='bbox 919 921 957 998; x_wconf 83' lang='grc' dir='ltr'><strong>τ’</strong></span> <span class='ocrx_word' id='word_1_50' title='bbox 979 924 1119 998; x_wconf 81' lang='grc' dir='ltr'><strong><em>ἄναντα</em></strong></span> <span class='ocrx_word' id='word_1_51' title='bbox 1137 928 1277 1021; x_wconf 77' lang='grc' dir='ltr'><strong><em>ἕλκῃσιν</em></strong></span> <span class='ocrx_word' id='word_1_52' title='bbox 1289 953 1362 998; x_wconf 82' lang='grc' dir='ltr'><strong>πε-</strong></span> 
     </span>
     <span class='ocr_line' id='line_1_7' title="bbox 252 1025 1362 1125; baseline -0.008 -18"><span class='ocrx_word' id='word_1_53' title='bbox 252 1032 345 1107; x_wconf 91' lang='grc' dir='ltr'><strong><em>δίοιο</em></strong></span> <span class='ocrx_word' id='word_1_54' title='bbox 366 1026 619 1124; x_wconf 71' lang='grc' dir='ltr'><strong><em>τιταινόμενος</em></strong></span> <span class='ocrx_word' id='word_1_55' title='bbox 638 1025 879 1125; x_wconf 74' lang='grc' dir='ltr'><strong><em>σδνόχεςφιν.</em></strong></span> <span class='ocrx_word' id='word_1_56' title='bbox 928 1029 1093 1098; x_wconf 76' lang='lat' dir='ltr'><strong>Licuisset</strong></span> <span class='ocrx_word' id='word_1_57' title='bbox 1112 1027 1173 1098; x_wconf 86' lang='lat' dir='ltr'><strong>hic</strong></span> <span class='ocrx_word' id='word_1_58' title='bbox 1191 1027 1293 1098; x_wconf 82' lang='lat' dir='ltr'><strong>etiem</strong></span> <span class='ocrx_word' id='word_1_59' title='bbox 1308 1028 1362 1098; x_wconf 90' lang='lat' dir='ltr'><strong>in-</strong></span> 
     </span>
    </p>

    <p class='ocr_par' dir='ltr' id='par_1_3' title="bbox 196 1130 1473 1637">
     <span class='ocr_line' id='line_1_8' title="bbox 196 1130 1473 1225; baseline 0.003 -25"><span class='ocrx_word' id='word_1_60' title='bbox 196 1189 199 1200; x_wconf 93' lang='grc'><em>,</em></span> <span class='ocrx_word' id='word_1_61' title='bbox 250 1136 396 1207; x_wconf 76' lang='lat' dir='ltr'><strong>dicativo</strong></span> <span class='ocrx_word' id='word_1_62' title='bbox 419 1137 487 1220; x_wconf 88' lang='lat' dir='ltr'><strong>uti,</strong></span> <span class='ocrx_word' id='word_1_63' title='bbox 518 1157 587 1224; x_wconf 92' lang='lat' dir='ltr'><strong>qno</strong></span> <span class='ocrx_word' id='word_1_64' title='bbox 609 1157 663 1203; x_wconf 89' lang='lat' dir='ltr'><strong>res</strong></span> <span class='ocrx_word' id='word_1_65' title='bbox 685 1143 723 1202; x_wconf 90' lang='lat' dir='ltr'><strong>ut</strong></span> <span class='ocrx_word' id='word_1_66' title='bbox 748 1155 904 1225; x_wconf 78' lang='lat' dir='ltr'><strong>praesens</strong></span> <span class='ocrx_word' id='word_1_67' title='bbox 929 1131 1182 1202; x_wconf 76' lang='lat' dir='ltr'><strong>describeretur.</strong></span> <span class='ocrx_word' id='word_1_68' title='bbox 1233 1130 1360 1204; x_wconf 79' lang='lat' dir='ltr'><strong>Sedu.</strong></span> <span class='ocrx_word' id='word_1_69' title='bbox 1467 1165 1473 1172; x_wconf 92' lang='grc'><strong><em>·</em></strong></span> 
     </span>
     <span class='ocr_line' id='line_1_9' title="bbox 251 1229 1361 1334; baseline 0 -28"><span class='ocrx_word' id='word_1_70' title='bbox 251 1234 339 1311; x_wconf 90' lang='grc'><strong>259.</strong></span> <span class='ocrx_word' id='word_1_71' title='bbox 363 1233 494 1311; x_wconf 76' lang='grc' dir='ltr'><strong><em>αὐτίκα</em></strong></span> <span class='ocrx_word' id='word_1_72' title='bbox 518 1237 556 1312; x_wconf 73' lang='grc' dir='ltr'><strong>δι’</strong></span> <span class='ocrx_word' id='word_1_73' title='bbox 577 1230 771 1334; x_wconf 74' lang='grc' dir='ltr'><strong><em>σφήκεσσιν</em></strong></span> <span class='ocrx_word' id='word_1_74' title='bbox 793 1229 950 1314; x_wconf 70' lang='grc' dir='ltr'><strong><em>ἐοικότες</em></strong></span> <span class='ocrx_word' id='word_1_75' title='bbox 974 1235 1155 1322; x_wconf 74' lang='grc' dir='ltr'><strong><em>ἐξεχέοντο</em></strong></span> <span class='ocrx_word' id='word_1_76' title='bbox 1180 1232 1361 1322; x_wconf 79' lang='grc' dir='ltr'><strong><em>εἰνοδίοις,</em></strong></span> 
     </span>
     <span class='ocr_line' id='line_1_10' title="bbox 251 1335 1363 1433; baseline -0.01 -19"><span class='ocrx_word' id='word_1_77' title='bbox 251 1340 313 1422; x_wconf 78' lang='lat' dir='ltr'><strong>oric</strong></span> <span class='ocrx_word' id='word_1_78' title='bbox 331 1343 454 1420; x_wconf 80' lang='grc' dir='ltr'><strong><em>παῖδες</em></strong></span> <span class='ocrx_word' id='word_1_79' title='bbox 474 1339 728 1433; x_wconf 74' lang='grc' dir='ltr'><strong><em>ἐριδμαίνωσιν</em></strong></span> <span class='ocrx_word' id='word_1_80' title='bbox 742 1339 911 1426; x_wconf 79' lang='grc' dir='ltr'><strong><em>ἔδοντες,</em></strong></span> <span class='ocrx_word' id='word_1_81' title='bbox 936 1337 963 1406; x_wconf 81' lang='grc' dir='ltr'><strong>εἰ</strong></span> <span class='ocrx_word' id='word_1_82' title='bbox 981 1335 1161 1407; x_wconf 80' lang='lat' dir='ltr'><strong>indicativo</strong></span> <span class='ocrx_word' id='word_1_83' title='bbox 1177 1353 1254 1404; x_wconf 82' lang='lat' dir='ltr'><strong>usus</strong></span> <span class='ocrx_word' id='word_1_84' title='bbox 1266 1346 1363 1422; x_wconf 74' lang='lat' dir='ltr'><strong>esset,</strong></span> 
     </span>
     <span class='ocr_line' id='line_1_11' title="bbox 250 1438 1362 1537; baseline -0.006 -24"><span class='ocrx_word' id='word_1_85' title='bbox 250 1444 449 1537; x_wconf 74' lang='lat' dir='ltr'><strong>ambiguum</strong></span> <span class='ocrx_word' id='word_1_86' title='bbox 464 1442 573 1528; x_wconf 80' lang='lat' dir='ltr'><strong>foret,</strong></span> <span class='ocrx_word' id='word_1_87' title='bbox 598 1450 709 1510; x_wconf 90' lang='lat' dir='ltr'><strong>utrum</strong></span> <span class='ocrx_word' id='word_1_88' title='bbox 724 1440 833 1510; x_wconf 87' lang='lat' dir='ltr'><strong>solere</strong></span> <span class='ocrx_word' id='word_1_89' title='bbox 851 1459 968 1530; x_wconf 79' lang='lat' dir='ltr'><strong>vespas</strong></span> <span class='ocrx_word' id='word_1_90' title='bbox 982 1463 1002 1508; x_wconf 83' lang='grc' dir='ltr'><strong><em>ε</em></strong></span> <span class='ocrx_word' id='word_1_91' title='bbox 1017 1439 1131 1530; x_wconf 88' lang='lat' dir='ltr'><strong>pueris</strong></span> <span class='ocrx_word' id='word_1_92' title='bbox 1145 1438 1282 1523; x_wconf 76' lang='lat' dir='ltr'><strong>irritari,</strong></span> <span class='ocrx_word' id='word_1_93' title='bbox 1308 1461 1362 1525; x_wconf 82' lang='lat' dir='ltr'><strong>nn,</strong></span> 
     </span>
     <span class='ocr_line' id='line_1_12' title="bbox 250 1541 1364 1637; baseline -0.004 -22"><span class='ocrx_word' id='word_1_94' title='bbox 250 1569 338 1637; x_wconf 80' lang='lat' dir='ltr'><strong>qnae</strong></span> <span class='ocrx_word' id='word_1_95' title='bbox 366 1548 437 1614; x_wconf 91' lang='lat' dir='ltr'><strong>eins</strong></span> <span class='ocrx_word' id='word_1_96' title='bbox 457 1567 552 1614; x_wconf 80' lang='lat' dir='ltr'><strong>mens</strong></span> <span class='ocrx_word' id='word_1_97' title='bbox 573 1554 663 1630; x_wconf 79' lang='lat' dir='ltr'><strong>eret,</strong></span> <span class='ocrx_word' id='word_1_98' title='bbox 695 1566 830 1633; x_wconf 80' lang='lat' dir='ltr'><strong>vespas,</strong></span> <span class='ocrx_word' id='word_1_99' title='bbox 862 1542 1048 1631; x_wconf 77' lang='lat' dir='ltr'><strong>siquando</strong></span> <span class='ocrx_word' id='word_1_100' title='bbox 1074 1541 1221 1610; x_wconf 80' lang='lat' dir='ltr'><strong>initntne</strong></span> <span class='ocrx_word' id='word_1_101' title='bbox 1245 1551 1364 1628; x_wconf 85' lang='lat' dir='ltr'><strong>essent,</strong></span> 
     </span>
    </p>

    <p class='ocr_par' dir='ltr' id='par_1_4' title="bbox 249 1644 1417 1742">
     <span class='ocr_line' id='line_1_13' title="bbox 249 1644 1417 1742; baseline -0.003 -24"><span class='ocrx_word' id='word_1_102' title='bbox 249 1657 447 1742; x_wconf 70' lang='lat' dir='ltr'><strong>proruentes</strong></span> <span class='ocrx_word' id='word_1_103' title='bbox 485 1646 679 1718; x_wconf 86' lang='lat' dir='ltr'><strong>describere</strong></span> <span class='ocrx_word' id='word_1_104' title='bbox 703 1648 870 1716; x_wconf 76' lang='lat' dir='ltr'><strong>voluisset</strong></span> <span class='ocrx_word' id='word_1_105' title='bbox 924 1645 995 1714; x_wconf 83' lang='lat' dir='ltr'><strong>Sed</strong></span> <span class='ocrx_word' id='word_1_106' title='bbox 1032 1644 1157 1723; x_wconf 75' lang='lat' dir='ltr'><strong>etarim</strong></span> <span class='ocrx_word' id='word_1_107' title='bbox 1187 1646 1367 1735; x_wconf 73' lang='lat' dir='ltr'><strong>apparebit</strong></span> <span class='ocrx_word' id='word_1_108' title='bbox 1405 1703 1417 1715; x_wconf 86' lang='lat'><em>.</em></span> 
     </span>
    </p>

    <p class='ocr_par' dir='ltr' id='par_1_5' title="bbox 115 1747 1370 4419">
     <span class='ocr_line' id='line_1_14' title="bbox 249 1747 1363 1846; baseline -0.002 -26"><span class='ocrx_word' id='word_1_109' title='bbox 249 1751 322 1824; x_wconf 88' lang='lat' dir='ltr'><strong>hoe</strong></span> <span class='ocrx_word' id='word_1_110' title='bbox 339 1751 516 1846; x_wconf 80' lang='lat' dir='ltr'><strong>discrimen</strong></span> <span class='ocrx_word' id='word_1_111' title='bbox 539 1771 581 1820; x_wconf 86' lang='lat' dir='ltr'><strong>er</strong></span> <span class='ocrx_word' id='word_1_112' title='bbox 600 1750 702 1836; x_wconf 87' lang='lat' dir='ltr'><strong>locis,</strong></span> <span class='ocrx_word' id='word_1_113' title='bbox 732 1751 903 1838; x_wconf 89' lang='lat' dir='ltr'><strong>inquibus</strong></span> <span class='ocrx_word' id='word_1_114' title='bbox 922 1757 1063 1837; x_wconf 87' lang='lat' dir='ltr'><strong>uterque</strong></span> <span class='ocrx_word' id='word_1_115' title='bbox 1080 1747 1202 1816; x_wconf 87' lang='lat' dir='ltr'><strong>modus</strong></span> <span class='ocrx_word' id='word_1_116' title='bbox 1222 1748 1363 1818; x_wconf 85' lang='lat' dir='ltr'><strong>coniun-</strong></span> 
     </span>
     <span class='ocr_line' id='line_1_15' title="bbox 251 1849 1363 1949; baseline 0 -23"><span class='ocrx_word' id='word_1_117' title='bbox 251 1865 323 1926; x_wconf 86' lang='lat' dir='ltr'><strong>ctus</strong></span> <span class='ocrx_word' id='word_1_118' title='bbox 344 1864 412 1939; x_wconf 89' lang='lat' dir='ltr'><strong>est,</strong></span> <span class='ocrx_word' id='word_1_119' title='bbox 437 1863 477 1924; x_wconf 94' lang='lat' dir='ltr'><strong>nt</strong></span> <span class='ocrx_word' id='word_1_120' title='bbox 503 1854 545 1922; x_wconf 87' lang='lat' dir='ltr'><strong>ll.</strong></span> <span class='ocrx_word' id='word_1_121' title='bbox 569 1881 601 1946; x_wconf 81' lang='lat' dir='ltr'><strong>y.</strong></span> <span class='ocrx_word' id='word_1_122' title='bbox 620 1851 681 1922; x_wconf 91' lang='grc'><strong>69.</strong></span> <span class='ocrx_word' id='word_1_123' title='bbox 708 1851 782 1926; x_wconf 81' lang='grc' dir='ltr'><strong><em>αἰεί</em></strong></span> <span class='ocrx_word' id='word_1_124' title='bbox 802 1879 864 1924; x_wconf 87' lang='grc' dir='ltr'><strong>τοι</strong></span> <span class='ocrx_word' id='word_1_125' title='bbox 885 1849 1011 1949; x_wconf 73' lang='grc' dir='ltr'><strong><em>κραδίη</em></strong></span> <span class='ocrx_word' id='word_1_126' title='bbox 1034 1851 1179 1929; x_wconf 81' lang='grc' dir='ltr'><strong><em>τέλειος</em></strong></span> <span class='ocrx_word' id='word_1_127' title='bbox 1199 1849 1246 1930; x_wconf 83' lang='lat' dir='ltr'><strong>ric</strong></span> <span class='ocrx_word' id='word_1_128' title='bbox 1263 1850 1363 1926; x_wconf 75' lang='grc' dir='ltr'><strong><em>ἐστίν</em></strong></span> 
     </span>
     <span class='ocr_line' id='line_1_16' title="bbox 218 1946 1364 2053; baseline -0.002 -23"><span class='ocrx_word' id='word_1_129' title='bbox 218 2033 220 2038; x_wconf 74' lang='grc'><strong><em>,</em></strong></span> <span class='ocrx_word' id='word_1_130' title='bbox 251 1950 414 2053; x_wconf 81' lang='grc' dir='ltr'><strong><em>α’τειρής.</em></strong></span> <span class='ocrx_word' id='word_1_131' title='bbox 449 1953 488 2037; x_wconf 88' lang='grc' dir='ltr'><strong>ὅς</strong></span> <span class='ocrx_word' id='word_1_132' title='bbox 509 1952 550 2030; x_wconf 86' lang='grc' dir='ltr'><strong>τ’</strong></span> <span class='ocrx_word' id='word_1_133' title='bbox 574 1951 665 2028; x_wconf 84' lang='grc' dir='ltr'><strong><em>εἶσιν</em></strong></span> <span class='ocrx_word' id='word_1_134' title='bbox 688 1947 752 2027; x_wconf 78' lang='grc' dir='ltr'><strong>διδ</strong></span> <span class='ocrx_word' id='word_1_135' title='bbox 775 1947 903 2049; x_wconf 85' lang='grc' dir='ltr'><strong><em>δονρδς</em></strong></span> <span class='ocrx_word' id='word_1_136' title='bbox 925 1949 982 2027; x_wconf 75' lang='grc' dir='ltr'><strong>ὑπ’</strong></span> <span class='ocrx_word' id='word_1_137' title='bbox 1010 1947 1157 2048; x_wconf 83' lang='grc' dir='ltr'><strong><em>α’νίρος,</em></strong></span> <span class='ocrx_word' id='word_1_138' title='bbox 1190 1949 1229 2033; x_wconf 84' lang='grc' dir='ltr'><strong>ὅς</strong></span> <span class='ocrx_word' id='word_1_139' title='bbox 1250 1946 1298 2049; x_wconf 83' lang='grc' dir='ltr'><strong><em>ρ’σί</em></strong></span> <span class='ocrx_word' id='word_1_140' title='bbox 1320 1981 1364 2030; x_wconf 83' lang='grc' dir='ltr'><strong>τε</strong></span> 
     </span>
     <span class='ocr_line' id='line_1_17' title="bbox 250 2049 1361 2153; baseline -0.005 -21"><span class='ocrx_word' id='word_1_141' title='bbox 250 2060 357 2149; x_wconf 83' lang='grc' dir='ltr'><strong><em>τίχνη</em></strong></span> <span class='ocrx_word' id='word_1_142' title='bbox 373 2051 473 2147; x_wconf 74' lang='grc' dir='ltr'><strong><em>νήϊον</em></strong></span> <span class='ocrx_word' id='word_1_143' title='bbox 488 2050 717 2153; x_wconf 71' lang='grc' dir='ltr'><strong><em>ἐκτάμνῃσιν.</em></strong></span> <span class='ocrx_word' id='word_1_144' title='bbox 741 2057 821 2126; x_wconf 86' lang='grc' dir='ltr'><strong>Νοσ</strong></span> <span class='ocrx_word' id='word_1_145' title='bbox 835 2065 928 2126; x_wconf 85' lang='lat' dir='ltr'><strong>recto</strong></span> <span class='ocrx_word' id='word_1_146' title='bbox 945 2056 1035 2126; x_wconf 89' lang='lat' dir='ltr'><strong>enim</strong></span> <span class='ocrx_word' id='word_1_147' title='bbox 1046 2056 1170 2146; x_wconf 75' lang='lat' dir='ltr'><strong>legitur</strong></span> <span class='ocrx_word' id='word_1_148' title='bbox 1183 2049 1361 2152; x_wconf 76' lang='grc' dir='ltr'><strong><em>εἰιτιίμνη·</em></strong></span> 
     </span>
     <span class='ocr_line' id='line_1_18' title="bbox 252 2157 1365 2245; baseline -0.006 -10"><span class='ocrx_word' id='word_1_149' title='bbox 252 2187 322 2235; x_wconf 84' lang='grc' dir='ltr'><strong><em>σιν.</em></strong></span> <span class='ocrx_word' id='word_1_150' title='bbox 373 2161 535 2230; x_wconf 84' lang='lat' dir='ltr'><strong>Animum</strong></span> <span class='ocrx_word' id='word_1_151' title='bbox 564 2159 648 2230; x_wconf 89' lang='lat' dir='ltr'><strong>dicit</strong></span> <span class='ocrx_word' id='word_1_152' title='bbox 674 2159 796 2228; x_wconf 90' lang='lat' dir='ltr'><strong>durum</strong></span> <span class='ocrx_word' id='word_1_153' title='bbox 822 2181 908 2245; x_wconf 88' lang='lat' dir='ltr'><strong>esse,</strong></span> <span class='ocrx_word' id='word_1_154' title='bbox 952 2169 991 2228; x_wconf 88' lang='lat' dir='ltr'><strong>nt</strong></span> <span class='ocrx_word' id='word_1_155' title='bbox 1016 2158 1168 2230; x_wconf 86' lang='lat' dir='ltr'><strong>securim.</strong></span> <span class='ocrx_word' id='word_1_156' title='bbox 1219 2157 1365 2228; x_wconf 85' lang='lat' dir='ltr'><strong>Duritiee</strong></span> 
     </span>
     <span class='ocr_line' id='line_1_19' title="bbox 251 2260 1367 2356; baseline -0.001 -24"><span class='ocrx_word' id='word_1_157' title='bbox 251 2286 336 2356; x_wconf 74' lang='lat' dir='ltr'><strong>ergo</strong></span> <span class='ocrx_word' id='word_1_158' title='bbox 372 2265 551 2356; x_wconf 87' lang='lat' dir='ltr'><strong>proprium</strong></span> <span class='ocrx_word' id='word_1_159' title='bbox 575 2263 610 2332; x_wconf 93' lang='lat' dir='ltr'><strong>in</strong></span> <span class='ocrx_word' id='word_1_160' title='bbox 636 2263 744 2332; x_wconf 84' lang='lat' dir='ltr'><strong>securi</strong></span> <span class='ocrx_word' id='word_1_161' title='bbox 772 2272 821 2332; x_wconf 90' lang='lat' dir='ltr'><strong>est</strong></span> <span class='ocrx_word' id='word_1_162' title='bbox 843 2272 878 2330; x_wconf 90' lang='lat' dir='ltr'><strong>et</strong></span> <span class='ocrx_word' id='word_1_163' title='bbox 899 2277 1117 2352; x_wconf 79' lang='lat' dir='ltr'><strong>permanens:</strong></span> <span class='ocrx_word' id='word_1_164' title='bbox 1142 2260 1236 2349; x_wconf 87' lang='lat' dir='ltr'><strong>quod</strong></span> <span class='ocrx_word' id='word_1_165' title='bbox 1258 2282 1367 2350; x_wconf 89' lang='lat' dir='ltr'><strong>quum</strong></span> 
     </span>
     <span class='ocr_line' id='line_1_20' title="bbox 249 2364 1368 2459; baseline 0 -25"><span class='ocrx_word' id='word_1_166' title='bbox 249 2367 350 2459; x_wconf 71' lang='lat' dir='ltr'><strong>lignis</strong></span> <span class='ocrx_word' id='word_1_167' title='bbox 362 2366 557 2459; x_wconf 84' lang='lat' dir='ltr'><strong>rumpendis</strong></span> <span class='ocrx_word' id='word_1_168' title='bbox 572 2376 743 2451; x_wconf 82' lang='lat' dir='ltr'><strong>cernetur,</strong></span> <span class='ocrx_word' id='word_1_169' title='bbox 768 2365 949 2436; x_wconf 74' lang='lat' dir='ltr'><strong>indicativo</strong></span> <span class='ocrx_word' id='word_1_170' title='bbox 972 2365 1009 2436; x_wconf 93' lang='lat' dir='ltr'><strong>id</strong></span> <span class='ocrx_word' id='word_1_171' title='bbox 1029 2365 1200 2455; x_wconf 79' lang='lat' dir='ltr'><strong>exprimit:</strong></span> <span class='ocrx_word' id='word_1_172' title='bbox 1223 2364 1285 2434; x_wconf 84' lang='lat' dir='ltr'><strong>sed</strong></span> <span class='ocrx_word' id='word_1_173' title='bbox 1305 2366 1368 2434; x_wconf 85' lang='lat' dir='ltr'><strong>etsi</strong></span> 
     </span>
     <span class='ocr_line' id='line_1_21' title="bbox 250 2468 1367 2561; baseline -0.001 -23"><span class='ocrx_word' id='word_1_174' title='bbox 250 2491 384 2561; x_wconf 83' lang='lat' dir='ltr'><strong>semper</strong></span> <span class='ocrx_word' id='word_1_175' title='bbox 406 2470 582 2540; x_wconf 80' lang='lat' dir='ltr'><strong>edestiiln</strong></span> <span class='ocrx_word' id='word_1_176' title='bbox 598 2469 632 2538; x_wconf 91' lang='lat' dir='ltr'><strong>in</strong></span> <span class='ocrx_word' id='word_1_177' title='bbox 652 2469 760 2541; x_wconf 80' lang='lat' dir='ltr'><strong>securi</strong></span> <span class='ocrx_word' id='word_1_178' title='bbox 782 2468 935 2555; x_wconf 85' lang='lat' dir='ltr'><strong>durities,</strong></span> <span class='ocrx_word' id='word_1_179' title='bbox 969 2477 1091 2538; x_wconf 79' lang='lat' dir='ltr'><strong>utnon</strong></span> <span class='ocrx_word' id='word_1_180' title='bbox 1117 2475 1278 2559; x_wconf 72' lang='lat' dir='ltr'><strong>apparet,</strong></span> <span class='ocrx_word' id='word_1_181' title='bbox 1304 2471 1367 2537; x_wconf 87' lang='lat' dir='ltr'><strong>nisi</strong></span> 
     </span>
     <span class='ocr_line' id='line_1_22' title="bbox 249 2570 1367 2662; baseline 0.002 -22"><span class='ocrx_word' id='word_1_182' title='bbox 249 2591 355 2662; x_wconf 85' lang='lat' dir='ltr'><strong>quum</strong></span> <span class='ocrx_word' id='word_1_183' title='bbox 381 2574 454 2660; x_wconf 82' lang='lat' dir='ltr'><strong>quis</strong></span> <span class='ocrx_word' id='word_1_184' title='bbox 477 2596 518 2643; x_wconf 82' lang='lat' dir='ltr'><strong>er</strong></span> <span class='ocrx_word' id='word_1_185' title='bbox 541 2573 666 2660; x_wconf 78' lang='lat' dir='ltr'><strong>aliquid</strong></span> <span class='ocrx_word' id='word_1_186' title='bbox 687 2573 816 2642; x_wconf 78' lang='lat' dir='ltr'><strong>caedit:</strong></span> <span class='ocrx_word' id='word_1_187' title='bbox 845 2571 927 2640; x_wconf 87' lang='lat' dir='ltr'><strong>hine</strong></span> <span class='ocrx_word' id='word_1_188' title='bbox 952 2594 1016 2662; x_wconf 87' lang='lat' dir='ltr'><strong>per</strong></span> <span class='ocrx_word' id='word_1_189' title='bbox 1032 2570 1281 2640; x_wconf 73' lang='lat' dir='ltr'><strong>coniunctium</strong></span> <span class='ocrx_word' id='word_1_190' title='bbox 1301 2571 1367 2642; x_wconf 78' lang='lat' dir='ltr'><strong>ed·</strong></span> 
     </span>
     <span class='ocr_line' id='line_1_23' title="bbox 250 2673 1366 2766; baseline 0.002 -24"><span class='ocrx_word' id='word_1_191' title='bbox 250 2675 318 2760; x_wconf 90' lang='lat' dir='ltr'><strong>dit,</strong></span> <span class='ocrx_word' id='word_1_192' title='bbox 350 2675 411 2766; x_wconf 76' lang='lat' dir='ltr'><strong>qut</strong></span> <span class='ocrx_word' id='word_1_193' title='bbox 435 2673 600 2744; x_wconf 78' lang='lat' dir='ltr'><strong>ardorem</strong></span> <span class='ocrx_word' id='word_1_194' title='bbox 630 2673 773 2746; x_wconf 86' lang='lat' dir='ltr'><strong>caedat.</strong></span> <span class='ocrx_word' id='word_1_195' title='bbox 825 2673 978 2759; x_wconf 82' lang='lat' dir='ltr'><strong>Quodsi</strong></span> <span class='ocrx_word' id='word_1_196' title='bbox 1001 2674 1153 2765; x_wconf 85' lang='lat' dir='ltr'><strong>pluribus</strong></span> <span class='ocrx_word' id='word_1_197' title='bbox 1177 2675 1287 2743; x_wconf 71' lang='lat' dir='ltr'><strong>verinis</strong></span> <span class='ocrx_word' id='word_1_198' title='bbox 1304 2674 1366 2744; x_wconf 84' lang='lat' dir='ltr'><strong>iste</strong></span> 
     </span>
     <span class='ocr_line' id='line_1_24' title="bbox 251 2775 1366 2865; baseline 0.002 -19"><span class='ocrx_word' id='word_1_199' title='bbox 251 2777 366 2865; x_wconf 84' lang='lat' dir='ltr'><strong>eloqui</strong></span> <span class='ocrx_word' id='word_1_200' title='bbox 380 2776 492 2862; x_wconf 82' lang='lat' dir='ltr'><strong>voles,</strong></span> <span class='ocrx_word' id='word_1_201' title='bbox 518 2775 700 2846; x_wconf 86' lang='lat' dir='ltr'><strong>dicendum</strong></span> <span class='ocrx_word' id='word_1_202' title='bbox 719 2775 798 2862; x_wconf 90' lang='lat' dir='ltr'><strong>erit,</strong></span> <span class='ocrx_word' id='word_1_203' title='bbox 824 2777 971 2846; x_wconf 79' lang='lat' dir='ltr'><strong>animum</strong></span> <span class='ocrx_word' id='word_1_204' title='bbox 993 2776 1116 2846; x_wconf 85' lang='lat' dir='ltr'><strong>durum</strong></span> <span class='ocrx_word' id='word_1_205' title='bbox 1144 2799 1225 2858; x_wconf 86' lang='lat' dir='ltr'><strong>esse,</strong></span> <span class='ocrx_word' id='word_1_206' title='bbox 1251 2787 1289 2846; x_wconf 87' lang='lat' dir='ltr'><strong>ut</strong></span> <span class='ocrx_word' id='word_1_207' title='bbox 1309 2801 1366 2848; x_wconf 88' lang='lat' dir='ltr'><strong>se-</strong></span> 
     </span>
     <span class='ocr_line' id='line_1_25' title="bbox 251 2878 1367 2972; baseline 0 -22"><span class='ocrx_word' id='word_1_208' title='bbox 251 2881 377 2964; x_wconf 85' lang='lat' dir='ltr'><strong>curim,</strong></span> <span class='ocrx_word' id='word_1_209' title='bbox 403 2881 495 2950; x_wconf 88' lang='lat' dir='ltr'><strong>cuins</strong></span> <span class='ocrx_word' id='word_1_210' title='bbox 520 2878 591 2948; x_wconf 83' lang='lat' dir='ltr'><strong>hoe</strong></span> <span class='ocrx_word' id='word_1_211' title='bbox 609 2881 787 2972; x_wconf 85' lang='lat' dir='ltr'><strong>proprium</strong></span> <span class='ocrx_word' id='word_1_212' title='bbox 809 2881 868 2966; x_wconf 92' lang='lat' dir='ltr'><strong>sit,</strong></span> <span class='ocrx_word' id='word_1_213' title='bbox 900 2880 1033 2972; x_wconf 78' lang='lat' dir='ltr'><strong>lignum</strong></span> <span class='ocrx_word' id='word_1_214' title='bbox 1060 2901 1302 2972; x_wconf 82' lang='lat' dir='ltr'><strong>perrumpere,</strong></span> <span class='ocrx_word' id='word_1_215' title='bbox 1338 2881 1367 2950; x_wconf 89' lang='lat' dir='ltr'><strong>si</strong></span> 
     </span>
     <span class='ocr_line' id='line_1_26' title="bbox 249 2981 1364 3072; baseline 0.002 -22"><span class='ocrx_word' id='word_1_216' title='bbox 249 2983 324 3072; x_wconf 85' lang='lat' dir='ltr'><strong>quis</strong></span> <span class='ocrx_word' id='word_1_217' title='bbox 350 3006 392 3050; x_wconf 78' lang='lat' dir='ltr'><strong>ee</strong></span> <span class='ocrx_word' id='word_1_218' title='bbox 407 2983 453 3054; x_wconf 78' lang='lat' dir='ltr'><strong>nd</strong></span> <span class='ocrx_word' id='word_1_219' title='bbox 476 2981 687 3054; x_wconf 78' lang='lat' dir='ltr'><strong>credendum</strong></span> <span class='ocrx_word' id='word_1_220' title='bbox 708 2992 829 3050; x_wconf 82' lang='lat' dir='ltr'><strong>utetur.</strong></span> <span class='ocrx_word' id='word_1_221' title='bbox 878 2983 967 3052; x_wconf 74' lang='lat' dir='ltr'><strong>Setis</strong></span> <span class='ocrx_word' id='word_1_222' title='bbox 989 3006 1062 3054; x_wconf 87' lang='lat' dir='ltr'><strong>esse</strong></span> <span class='ocrx_word' id='word_1_223' title='bbox 1084 2983 1244 3068; x_wconf 74' lang='lat' dir='ltr'><strong>arbitror,</strong></span> <span class='ocrx_word' id='word_1_224' title='bbox 1275 2983 1364 3052; x_wconf 77' lang='lat' dir='ltr'><strong>htee</strong></span> 
     </span>
     <span class='ocr_line' id='line_1_27' title="bbox 250 3070 1365 3177; baseline 0.004 -23"><span class='ocrx_word' id='word_1_225' title='bbox 250 3105 318 3154; x_wconf 87' lang='lat' dir='ltr'><strong>nno</strong></span> <span class='ocrx_word' id='word_1_226' title='bbox 347 3087 383 3154; x_wconf 93' lang='lat' dir='ltr'><strong>in</strong></span> <span class='ocrx_word' id='word_1_227' title='bbox 403 3087 564 3177; x_wconf 44' lang='lat' dir='ltr'><strong>wexternplo</strong></span> <span class='ocrx_word' id='word_1_228' title='bbox 594 3084 782 3156; x_wconf 82' lang='lat' dir='ltr'><strong>ostendisse.</strong></span> <span class='ocrx_word' id='word_1_229' title='bbox 822 3070 946 3156; x_wconf 55' lang='lat' dir='ltr'><strong>&#39;Plura</strong></span> <span class='ocrx_word' id='word_1_230' title='bbox 974 3087 1033 3175; x_wconf 82' lang='lat' dir='ltr'><strong>qui</strong></span> <span class='ocrx_word' id='word_1_231' title='bbox 1059 3088 1224 3175; x_wconf 86' lang='lat' dir='ltr'><strong>requiret,</strong></span> <span class='ocrx_word' id='word_1_232' title='bbox 1258 3083 1297 3166; x_wconf 87' lang='grc' dir='ltr'><strong>ὅς</strong></span> <span class='ocrx_word' id='word_1_233' title='bbox 1323 3114 1365 3159; x_wconf 86' lang='grc' dir='ltr'><strong>τε</strong></span> 
     </span>
     <span class='ocr_line' id='line_1_28' title="bbox 158 3188 1365 3280; baseline 0.002 -21"><span class='ocrx_word' id='word_1_234' title='bbox 158 3212 160 3216; x_wconf 91' lang='grc'><em>·</em></span> <span class='ocrx_word' id='word_1_235' title='bbox 252 3211 331 3259; x_wconf 87' lang='lat' dir='ltr'><strong>cum</strong></span> <span class='ocrx_word' id='word_1_236' title='bbox 359 3188 540 3259; x_wconf 81' lang='lat' dir='ltr'><strong>indicativo</strong></span> <span class='ocrx_word' id='word_1_237' title='bbox 570 3189 605 3256; x_wconf 93' lang='lat' dir='ltr'><strong>in</strong></span> <span class='ocrx_word' id='word_1_238' title='bbox 637 3211 674 3258; x_wconf 91' lang='lat' dir='ltr'><strong>re</strong></span> <span class='ocrx_word' id='word_1_239' title='bbox 696 3198 788 3260; x_wconf 85' lang='lat' dir='ltr'><strong>oertu</strong></span> <span class='ocrx_word' id='word_1_240' title='bbox 814 3199 848 3258; x_wconf 90' lang='lat' dir='ltr'><strong>et</strong></span> <span class='ocrx_word' id='word_1_241' title='bbox 874 3213 955 3260; x_wconf 78' lang='lat' dir='ltr'><strong>vern</strong></span> <span class='ocrx_word' id='word_1_242' title='bbox 982 3189 1129 3280; x_wconf 68' lang='lat' dir='ltr'><strong>positum</strong></span> <span class='ocrx_word' id='word_1_243' title='bbox 1155 3189 1301 3260; x_wconf 77' lang='lat' dir='ltr'><strong>inveniet</strong></span> <span class='ocrx_word' id='word_1_244' title='bbox 1325 3189 1365 3262; x_wconf 86' lang='grc' dir='ltr'><strong>ΙΙ.</strong></span> 
     </span>
     <span class='ocr_line' id='line_1_29' title="bbox 156 3285 1367 3388; baseline -0.005 -22"><span class='ocrx_word' id='word_1_245' title='bbox 156 3357 158 3366; x_wconf 31' lang='lat' dir='ltr'><em>s</em></span> <span class='ocrx_word' id='word_1_246' title='bbox 252 3321 282 3368; x_wconf 85' lang='grc' dir='ltr'><strong>ε.</strong></span> <span class='ocrx_word' id='word_1_247' title='bbox 306 3285 342 3360; x_wconf 95' lang='grc'><strong>5.</strong></span> <span class='ocrx_word' id='word_1_248' title='bbox 363 3319 388 3367; x_wconf 90' lang='grc' dir='ltr'><strong>ι.</strong></span> <span class='ocrx_word' id='word_1_249' title='bbox 411 3289 446 3360; x_wconf 86' lang='grc'><strong>5.</strong></span> <span class='ocrx_word' id='word_1_250' title='bbox 466 3296 496 3365; x_wconf 81' lang='lat' dir='ltr'><strong>i.</strong></span> <span class='ocrx_word' id='word_1_251' title='bbox 519 3289 605 3361; x_wconf 86' lang='grc'><strong>219.</strong></span> <span class='ocrx_word' id='word_1_252' title='bbox 627 3318 661 3388; x_wconf 84' lang='grc' dir='ltr'><strong>ρ.</strong></span> <span class='ocrx_word' id='word_1_253' title='bbox 686 3289 772 3360; x_wconf 85' lang='grc'><strong>614.</strong></span> <span class='ocrx_word' id='word_1_254' title='bbox 801 3319 833 3382; x_wconf 78' lang='grc' dir='ltr'><strong>χ.</strong></span> <span class='ocrx_word' id='word_1_255' title='bbox 851 3291 911 3360; x_wconf 91' lang='grc'><strong>21.</strong></span> <span class='ocrx_word' id='word_1_256' title='bbox 939 3291 1001 3365; x_wconf 96' lang='grc'><strong>29.</strong></span> <span class='ocrx_word' id='word_1_257' title='bbox 1024 3292 1070 3360; x_wconf 84' lang='lat' dir='ltr'><strong>de</strong></span> <span class='ocrx_word' id='word_1_258' title='bbox 1091 3315 1135 3362; x_wconf 88' lang='grc' dir='ltr'><strong>εο</strong></span> <span class='ocrx_word' id='word_1_259' title='bbox 1160 3293 1255 3381; x_wconf 90' lang='lat' dir='ltr'><strong>qnod</strong></span> <span class='ocrx_word' id='word_1_260' title='bbox 1280 3292 1367 3360; x_wconf 89' lang='lat' dir='ltr'><strong>solet</strong></span> 
     </span>
     <span class='ocr_line' id='line_1_30' title="bbox 251 3391 1364 3490; baseline 0.001 -26"><span class='ocrx_word' id='word_1_261' title='bbox 251 3403 366 3464; x_wconf 76' lang='lat' dir='ltr'><strong>antem</strong></span> <span class='ocrx_word' id='word_1_262' title='bbox 391 3424 422 3490; x_wconf 73' lang='lat' dir='ltr'><strong>y.</strong></span> <span class='ocrx_word' id='word_1_263' title='bbox 439 3393 525 3464; x_wconf 91' lang='grc'><strong>151.</strong></span> <span class='ocrx_word' id='word_1_264' title='bbox 550 3393 636 3463; x_wconf 90' lang='grc'><strong>198.</strong></span> <span class='ocrx_word' id='word_1_265' title='bbox 665 3423 694 3469; x_wconf 86' lang='grc' dir='ltr'><strong>ε.</strong></span> <span class='ocrx_word' id='word_1_266' title='bbox 718 3391 806 3464; x_wconf 88' lang='grc'><strong>525.</strong></span> <span class='ocrx_word' id='word_1_267' title='bbox 829 3421 863 3489; x_wconf 87' lang='grc' dir='ltr'><strong>η.</strong></span> <span class='ocrx_word' id='word_1_268' title='bbox 892 3395 979 3465; x_wconf 88' lang='grc'><strong>299.</strong></span> <span class='ocrx_word' id='word_1_269' title='bbox 1003 3391 1090 3464; x_wconf 88' lang='grc'><strong>251.</strong></span> <span class='ocrx_word' id='word_1_270' title='bbox 1112 3395 1147 3470; x_wconf 76' lang='grc' dir='ltr'><strong>ν.</strong></span> <span class='ocrx_word' id='word_1_271' title='bbox 1168 3393 1253 3462; x_wconf 88' lang='grc'><strong>192.</strong></span> <span class='ocrx_word' id='word_1_272' title='bbox 1278 3393 1364 3464; x_wconf 82' lang='grc'><strong>666.</strong></span> 
     </span>
     <span class='ocr_line' id='line_1_31' title="bbox 228 3494 1366 3596; baseline -0.003 -29"><span class='ocrx_word' id='word_1_273' title='bbox 228 3507 280 3583; x_wconf 53' lang='lat' dir='ltr'><strong>J.</strong></span> <span class='ocrx_word' id='word_1_274' title='bbox 306 3497 392 3596; x_wconf 80' lang='grc'><strong>699.</strong></span> <span class='ocrx_word' id='word_1_275' title='bbox 412 3525 450 3572; x_wconf 83' lang='grc' dir='ltr'><strong>π.</strong></span> <span class='ocrx_word' id='word_1_276' title='bbox 478 3494 563 3566; x_wconf 88' lang='grc'><strong>151.</strong></span> <span class='ocrx_word' id='word_1_277' title='bbox 600 3523 634 3594; x_wconf 91' lang='grc' dir='ltr'><strong>ρ.</strong></span> <span class='ocrx_word' id='word_1_278' title='bbox 658 3497 719 3566; x_wconf 93' lang='grc'><strong>21.</strong></span> <span class='ocrx_word' id='word_1_279' title='bbox 741 3496 828 3566; x_wconf 89' lang='grc'><strong>511.</strong></span> <span class='ocrx_word' id='word_1_280' title='bbox 855 3495 941 3591; x_wconf 71' lang='grc'><strong>151.</strong></span> <span class='ocrx_word' id='word_1_281' title='bbox 969 3523 1001 3569; x_wconf 86' lang='grc' dir='ltr'><strong>ο.</strong></span> <span class='ocrx_word' id='word_1_282' title='bbox 1026 3495 1113 3566; x_wconf 89' lang='grc'><strong>256.</strong></span> <span class='ocrx_word' id='word_1_283' title='bbox 1136 3525 1171 3570; x_wconf 88' lang='grc' dir='ltr'><strong>τ.</strong></span> <span class='ocrx_word' id='word_1_284' title='bbox 1198 3494 1285 3570; x_wconf 72' lang='lat'>5²1.</span> <span class='ocrx_word' id='word_1_285' title='bbox 1317 3500 1366 3567; x_wconf 88' lang='lat' dir='ltr'><strong>ita</strong></span> 
     </span>
     <span class='ocr_line' id='line_1_32' title="bbox 253 3598 1366 3691; baseline 0 -21"><span class='ocrx_word' id='word_1_286' title='bbox 253 3598 416 3691; x_wconf 77' lang='lat' dir='ltr'><strong>denique,</strong></span> <span class='ocrx_word' id='word_1_287' title='bbox 442 3611 479 3670; x_wconf 83' lang='lat' dir='ltr'><strong>nt</strong></span> <span class='ocrx_word' id='word_1_288' title='bbox 493 3601 580 3670; x_wconf 89' lang='lat' dir='ltr'><strong>nihil</strong></span> <span class='ocrx_word' id='word_1_289' title='bbox 599 3599 661 3669; x_wconf 89' lang='lat' dir='ltr'><strong>nisi</strong></span> <span class='ocrx_word' id='word_1_290' title='bbox 687 3601 737 3670; x_wconf 91' lang='lat' dir='ltr'><strong>rei</strong></span> <span class='ocrx_word' id='word_1_291' title='bbox 754 3609 870 3669; x_wconf 83' lang='lat' dir='ltr'><strong>natura</strong></span> <span class='ocrx_word' id='word_1_292' title='bbox 892 3599 1101 3670; x_wconf 74' lang='lat' dir='ltr'><strong>describetur</strong></span> <span class='ocrx_word' id='word_1_293' title='bbox 1125 3606 1158 3674; x_wconf 82' lang='grc' dir='ltr'><strong>ί..</strong></span> <span class='ocrx_word' id='word_1_294' title='bbox 1173 3600 1259 3670; x_wconf 80' lang='grc'><strong>298</strong></span> <span class='ocrx_word' id='word_1_295' title='bbox 1277 3598 1366 3676; x_wconf 88' lang='grc'><strong>559.</strong></span> 
     </span>
     <span class='ocr_line' id='line_1_33' title="bbox 205 3699 1365 3796; baseline -0.005 -19"><span class='ocrx_word' id='word_1_296' title='bbox 205 3716 294 3796; x_wconf 70' lang='lat' dir='ltr'><strong>ltu.</strong></span> <span class='ocrx_word' id='word_1_297' title='bbox 320 3703 407 3772; x_wconf 93' lang='grc'><strong>146.</strong></span> <span class='ocrx_word' id='word_1_298' title='bbox 440 3704 528 3787; x_wconf 86' lang='grc'><strong>464.</strong></span> <span class='ocrx_word' id='word_1_299' title='bbox 560 3730 593 3777; x_wconf 89' lang='grc' dir='ltr'><strong>ν.</strong></span> <span class='ocrx_word' id='word_1_300' title='bbox 623 3702 709 3772; x_wconf 93' lang='grc'><strong>412.</strong></span> <span class='ocrx_word' id='word_1_301' title='bbox 740 3702 827 3773; x_wconf 93' lang='grc'><strong>511.</strong></span> <span class='ocrx_word' id='word_1_302' title='bbox 853 3702 940 3778; x_wconf 90' lang='grc'><strong>196.</strong></span> <span class='ocrx_word' id='word_1_303' title='bbox 974 3729 1005 3776; x_wconf 90' lang='grc' dir='ltr'><strong>ο.</strong></span> <span class='ocrx_word' id='word_1_304' title='bbox 1031 3699 1119 3774; x_wconf 90' lang='grc'><strong>581.</strong></span> <span class='ocrx_word' id='word_1_305' title='bbox 1153 3701 1240 3778; x_wconf 89' lang='grc'><strong>661.</strong></span> <span class='ocrx_word' id='word_1_306' title='bbox 1269 3729 1307 3776; x_wconf 81' lang='grc' dir='ltr'><strong>α.</strong></span> <span class='ocrx_word' id='word_1_307' title='bbox 1330 3703 1365 3772; x_wconf 91' lang='grc'><strong>8.</strong></span> 
     </span>
     <span class='ocr_line' id='line_1_34' title="bbox 115 3801 1366 3904; baseline -0.002 -28"><span class='ocrx_word' id='word_1_308' title='bbox 115 3869 120 3888; x_wconf 75' lang='grc'><strong><em>,</em></strong></span> <span class='ocrx_word' id='word_1_309' title='bbox 254 3801 341 3876; x_wconf 72' lang='lat' dir='ltr'><strong>ter.</strong></span> <span class='ocrx_word' id='word_1_310' title='bbox 365 3831 396 3904; x_wconf 82' lang='grc' dir='ltr'><strong><em>ρ</em></strong></span> <span class='ocrx_word' id='word_1_311' title='bbox 424 3806 512 3877; x_wconf 91' lang='grc'><strong>161.</strong></span> <span class='ocrx_word' id='word_1_312' title='bbox 540 3834 573 3880; x_wconf 86' lang='grc' dir='ltr'><strong>ν.</strong></span> <span class='ocrx_word' id='word_1_313' title='bbox 589 3805 674 3876; x_wconf 85' lang='grc'><strong>165.</strong></span> <span class='ocrx_word' id='word_1_314' title='bbox 703 3833 735 3896; x_wconf 78' lang='grc' dir='ltr'><strong>χ.</strong></span> <span class='ocrx_word' id='word_1_315' title='bbox 756 3805 844 3876; x_wconf 88' lang='grc'><strong>669.</strong></span> <span class='ocrx_word' id='word_1_316' title='bbox 870 3834 908 3880; x_wconf 86' lang='grc' dir='ltr'><strong>ω.</strong></span> <span class='ocrx_word' id='word_1_317' title='bbox 930 3804 991 3876; x_wconf 89' lang='grc'><strong>42.</strong></span> <span class='ocrx_word' id='word_1_318' title='bbox 1017 3805 1078 3878; x_wconf 88' lang='grc'><strong>81.</strong></span> <span class='ocrx_word' id='word_1_319' title='bbox 1101 3805 1170 3876; x_wconf 79' lang='lat' dir='ltr'><strong>Od.</strong></span> <span class='ocrx_word' id='word_1_320' title='bbox 1196 3834 1224 3879; x_wconf 84' lang='grc' dir='ltr'><strong>ε.</strong></span> <span class='ocrx_word' id='word_1_321' title='bbox 1249 3803 1314 3888; x_wconf 87' lang='grc'><strong>51.</strong></span> <span class='ocrx_word' id='word_1_322' title='bbox 1338 3815 1366 3892; x_wconf 78' lang='grc' dir='ltr'><strong>ζ.</strong></span> 
     </span>
     <span class='ocr_line' id='line_1_35' title="bbox 254 3907 1369 4007; baseline 0.003 -32"><span class='ocrx_word' id='word_1_323' title='bbox 254 3907 341 3976; x_wconf 85' lang='grc'><strong>161.</strong></span> <span class='ocrx_word' id='word_1_324' title='bbox 375 3938 401 3984; x_wconf 87' lang='grc' dir='ltr'><strong>ι.</strong></span> <span class='ocrx_word' id='word_1_325' title='bbox 432 3909 518 3979; x_wconf 88' lang='grc'><strong>626.</strong></span> <span class='ocrx_word' id='word_1_326' title='bbox 549 3936 583 4007; x_wconf 87' lang='grc' dir='ltr'><strong>ρ.</strong></span> <span class='ocrx_word' id='word_1_327' title='bbox 611 3907 698 3976; x_wconf 91' lang='grc'><strong>518.</strong></span> <span class='ocrx_word' id='word_1_328' title='bbox 728 3935 762 3998; x_wconf 87' lang='grc' dir='ltr'><strong>χ.</strong></span> <span class='ocrx_word' id='word_1_329' title='bbox 787 3909 874 3978; x_wconf 87' lang='grc'><strong>496.</strong></span> <span class='ocrx_word' id='word_1_330' title='bbox 906 3926 985 3978; x_wconf 81' lang='lat' dir='ltr'><strong>enm</strong></span> <span class='ocrx_word' id='word_1_331' title='bbox 1013 3910 1224 3982; x_wconf 80' lang='lat' dir='ltr'><strong>coniunctivo</strong></span> <span class='ocrx_word' id='word_1_332' title='bbox 1254 3919 1369 3980; x_wconf 75' lang='lat' dir='ltr'><strong>nutem</strong></span> 
     </span>
     <span class='ocr_line' id='line_1_36' title="bbox 251 4009 1367 4106; baseline 0 -26"><span class='ocrx_word' id='word_1_333' title='bbox 251 4012 316 4098; x_wconf 83' lang='lat' dir='ltr'><strong>itu,</strong></span> <span class='ocrx_word' id='word_1_334' title='bbox 340 4021 398 4098; x_wconf 85' lang='lat' dir='ltr'><strong>ut,</strong></span> <span class='ocrx_word' id='word_1_335' title='bbox 424 4015 582 4104; x_wconf 71' lang='lat' dir='ltr'><strong>quonism</strong></span> <span class='ocrx_word' id='word_1_336' title='bbox 612 4033 746 4103; x_wconf 81' lang='lat' dir='ltr'><strong>semper</strong></span> <span class='ocrx_word' id='word_1_337' title='bbox 776 4011 822 4079; x_wconf 86' lang='lat' dir='ltr'><strong>de</strong></span> <span class='ocrx_word' id='word_1_338' title='bbox 855 4009 948 4080; x_wconf 81' lang='lat' dir='ltr'><strong>fecto</strong></span> <span class='ocrx_word' id='word_1_339' title='bbox 987 4013 1164 4106; x_wconf 81' lang='lat' dir='ltr'><strong>singulari,</strong></span> <span class='ocrx_word' id='word_1_340' title='bbox 1177 4023 1367 4103; x_wconf 77' lang='lat' dir='ltr'><strong>usurpatur,</strong></span> 
     </span>
     <span class='ocr_line' id='line_1_37' title="bbox 252 4113 1367 4209; baseline 0.005 -27"><span class='ocrx_word' id='word_1_341' title='bbox 252 4114 325 4183; x_wconf 87' lang='lat' dir='ltr'><strong>sere</strong></span> <span class='ocrx_word' id='word_1_342' title='bbox 337 4138 402 4207; x_wconf 88' lang='lat' dir='ltr'><strong>per</strong></span> <span class='ocrx_word' id='word_1_343' title='bbox 414 4117 557 4209; x_wconf 73' lang='lat' dir='ltr'><strong>prendo</strong></span> <span class='ocrx_word' id='word_1_344' title='bbox 579 4115 634 4183; x_wconf 85' lang='lat' dir='ltr'><strong>vel</strong></span> <span class='ocrx_word' id='word_1_345' title='bbox 653 4116 686 4184; x_wconf 81' lang='lat' dir='ltr'><strong>ei</strong></span> <span class='ocrx_word' id='word_1_346' title='bbox 703 4113 872 4205; x_wconf 73' lang='lat' dir='ltr'><strong>explicere</strong></span> <span class='ocrx_word' id='word_1_347' title='bbox 892 4114 1014 4205; x_wconf 72' lang='lat' dir='ltr'><strong>ponis,</strong></span> <span class='ocrx_word' id='word_1_348' title='bbox 1039 4143 1071 4208; x_wconf 75' lang='lat' dir='ltr'><strong>y.</strong></span> <span class='ocrx_word' id='word_1_349' title='bbox 1090 4113 1152 4184; x_wconf 92' lang='grc'><strong>61.</strong></span> <span class='ocrx_word' id='word_1_350' title='bbox 1174 4142 1202 4188; x_wconf 85' lang='grc' dir='ltr'><strong>ε.</strong></span> <span class='ocrx_word' id='word_1_351' title='bbox 1229 4114 1315 4184; x_wconf 92' lang='grc'><strong>161.</strong></span> <span class='ocrx_word' id='word_1_352' title='bbox 1336 4143 1367 4188; x_wconf 81' lang='grc' dir='ltr'><strong>τ.</strong></span> 
     </span>
     <span class='ocr_line' id='line_1_38' title="bbox 254 4213 1368 4313; baseline 0 -28"><span class='ocrx_word' id='word_1_353' title='bbox 254 4216 340 4286; x_wconf 87' lang='grc'><strong>184.</strong></span> <span class='ocrx_word' id='word_1_354' title='bbox 362 4247 402 4313; x_wconf 83' lang='grc' dir='ltr'><strong>μ.</strong></span> <span class='ocrx_word' id='word_1_355' title='bbox 427 4217 513 4288; x_wconf 92' lang='grc'><strong>299.</strong></span> <span class='ocrx_word' id='word_1_356' title='bbox 544 4214 631 4286; x_wconf 87' lang='grc'><strong>426.</strong></span> <span class='ocrx_word' id='word_1_357' title='bbox 663 4245 695 4292; x_wconf 90' lang='grc' dir='ltr'><strong>ν.</strong></span> <span class='ocrx_word' id='word_1_358' title='bbox 715 4216 801 4286; x_wconf 87' lang='grc'><strong>168.</strong></span> <span class='ocrx_word' id='word_1_359' title='bbox 830 4215 917 4288; x_wconf 89' lang='grc'><strong>119.</strong></span> <span class='ocrx_word' id='word_1_360' title='bbox 946 4245 978 4291; x_wconf 81' lang='grc' dir='ltr'><strong><em>ο</em></strong></span> <span class='ocrx_word' id='word_1_361' title='bbox 997 4216 1084 4286; x_wconf 89' lang='grc'><strong>411.</strong></span> <span class='ocrx_word' id='word_1_362' title='bbox 1107 4213 1194 4288; x_wconf 90' lang='grc'><strong>519.</strong></span> <span class='ocrx_word' id='word_1_363' title='bbox 1219 4216 1307 4290; x_wconf 83' lang='grc'><strong>689.</strong></span> <span class='ocrx_word' id='word_1_364' title='bbox 1331 4243 1368 4289; x_wconf 86' lang='grc' dir='ltr'><strong>ιι.</strong></span> 
     </span>
     <span class='ocr_line' id='line_1_39' title="bbox 253 4317 1370 4419; baseline -0.001 -30"><span class='ocrx_word' id='word_1_365' title='bbox 253 4317 340 4390; x_wconf 85' lang='grc'><strong>596.</strong></span> <span class='ocrx_word' id='word_1_366' title='bbox 370 4347 404 4419; x_wconf 92' lang='grc' dir='ltr'><strong>ρ.</strong></span> <span class='ocrx_word' id='word_1_367' title='bbox 429 4319 514 4391; x_wconf 85' lang='grc'><strong>164.</strong></span> <span class='ocrx_word' id='word_1_368' title='bbox 539 4317 625 4390; x_wconf 90' lang='grc'><strong>125.</strong></span> <span class='ocrx_word' id='word_1_369' title='bbox 650 4347 683 4394; x_wconf 90' lang='grc' dir='ltr'><strong>σ.</strong></span> <span class='ocrx_word' id='word_1_370' title='bbox 707 4319 794 4392; x_wconf 83' lang='grc'><strong>619.</strong></span> <span class='ocrx_word' id='word_1_371' title='bbox 813 4349 852 4419; x_wconf 83' lang='grc' dir='ltr'><strong>φ.</strong></span> <span class='ocrx_word' id='word_1_372' title='bbox 873 4318 960 4392; x_wconf 84' lang='grc'><strong>286.</strong></span> <span class='ocrx_word' id='word_1_373' title='bbox 987 4347 1029 4412; x_wconf 69' lang='grc' dir='ltr'><strong>χ.</strong></span> <span class='ocrx_word' id='word_1_374' title='bbox 1045 4318 1107 4392; x_wconf 90' lang='grc'><strong>26.</strong></span> <span class='ocrx_word' id='word_1_375' title='bbox 1128 4342 1169 4418; x_wconf 76' lang='grc' dir='ltr'><strong>ρ.</strong></span> <span class='ocrx_word' id='word_1_376' title='bbox 1188 4318 1275 4392; x_wconf 86' lang='grc'><strong>161.</strong></span> <span class='ocrx_word' id='word_1_377' title='bbox 1298 4319 1370 4392; x_wconf 84' lang='lat' dir='ltr'><strong>Od.</strong></span> 
     </span>
    </p>
   </div>
   <div class='ocr_carea' id='block_1_3' title="bbox 0 0 1568 5030">
    <p class='ocr_par' dir='ltr' id='par_1_6' title="bbox 0 0 1568 5030">
     <span class='ocr_line' id='line_1_40' title="bbox 0 0 1568 5030; baseline 0 0"><span class='ocrx_word' id='word_1_378' title='bbox 0 0 1568 5030; x_wconf 95' lang='lat' dir='ltr'><strong> </strong></span> 
     </span>
    </p>
   </div>
  </div>
 </body>
</html>
