3080 5054
252 407 317 472 8⁰8
586 401 642 465 DE
669 399 1032 464 COMPOSlTIONE

253 575 802 670 argumento'l‘ersarumscripsit
828 573 926 644 idem
941 573 1023 646 fecit
1033 571 1237 664 Euripides,
1262 593 1373 661 quum·

252 680 435 764 Medeam,
459 677 702 768 Philoctetam,
728 679 870 768 Dictyn,
895 675 1064 747 Messores
1078 675 1299 748 consociavit:
1324 675 1369 744 de

253 785 373 876 quibus
392 782 554 871 scriptum
574 782 609 849 iu
624 792 822 876 argumento
836 779 1003 850 Medeae:
1029 789 1063 849 et
1077 781 1256 862 Xenocles,
1282 799 1366 848 con-

252 887 373 956 iunctis
386 884 543 977 Oedipo,
569 885 748 976 Lycaone,
774 883 938 969 Bacchis,
964 883 1180 967 Athamante,
1206 890 1245 949 ut
1263 882 1368 950 refert

252 990 412 1060 Aelianus
428 987 471 1056 V.
492 987 538 1056 H.
554 988 598 1056 11.
614 986 649 1056 Θ.
702 987 835 1056 Eadem
849 985 949 1056 luisse
964 989 1051 1056 ratio
1072 987 1205 1056 videtur
1225 983 1369 1070 duarum

252 1091 425 1183 Euripidis
443 1091 714 1184 tetralogiarum,
739 1091 861 1181 quibus
879 1113 962 1180 quas
976 1091 1133 1181 satyricos
1154 1088 1287 1156 fabulas
1303 1086 1370 1154 ad.-

253 1195 380 1264 diderit
411 1194 593 1278 nescimus,
626 1195 740 1280 unius,
781 1215 868 1283 quae
895 1195 1126 1286 Hypsipylen,
1159 1189 1370 1274 Phoenissae,

252 1299 455 1391 Antiopam3
481 1297 626 1384 alterius,
652 1321 739 1388 quae
752 1297 969 1390 Iphigeniam
983 1298 1018 1365 in
1032 1295 1168 1378 Aulide,
1183 1295 1370 1364 Alcmaeo-

253 1424 348 1486 nem,
387 1401 443 1468 vel
477 1402 607 1492 potius,
654 1412 690 1470 ut
718 1401 943 1492 probabiliter
979 1399 1115 1469 coniicit
1143 1396 1370 1490 Musgravius,

252 1504 460 1591 Alcmenen,
487 1513 521 1573 et
538 1503 694 1575 Bacchas
711 1505 1009 1593 complectebatur.
1052 1503 1129 1570 Vna
1143 1503 1371 1593 perpetuitate

254 1608 445 1699 argumenti
467 1607 654 1698 Aeschylus
679 1608 809 1698 scripsit
833 1607 1141 1699 Agamemnonem,
1176 1603 1370 1694 Choepho-

252 1731 328 1795 ros,
359 1709 583 1796 Eumenides,
610 1711 728 1799 quibus
756 1733 844 1814 quae
870 1710 1057 1779 accedebat
1077 1707 1219 1798 satyrica
1242 1707 1369 1792 fabula,

136 1893 140 1900 ,
253 1815 413 1897 Proteus,
440 1837 499 1897 ea,
527 1821 562 1880 ut
584 1813 764 1882 coniiciunt
785 1813 848 1880 viri
872 1814 981 1898 docti,
1007 1809 1110 1880 affine
1133 1818 1370 1900 argumentum

252 1907 435 1999 tractabat,
477 1913 627 1984 Menelai
657 1916 904 2007 profectionem
935 1914 1194 2007 Aegyptiacam.
1251 1915 1371 1982 Testes

253 2017 384 2086 dehac
402 2018 584 2110 tetralogia
606 2027 681 2087 sunt
703 2019 746 2104 is,
779 2018 837 2107 qui
862 2019 992 2109 scripsit
1014 2025 1249 2108 argumentum
1271 2017 1369 2108 Aga-

65 2125 69 2139 '
130 2185 135 2192 .
252 2111 455 2205 memnonis,
481 2129 515 2189 et
534 2121 730 2191 scholiastes
743 2121 918 2215 Aristoph.
936 2121 981 2190 ad
1000 2123 1089 2194 Rau.
1104 2144 1136 2188 v.
1153 2113 1265 2187 1155.
1292 2117 1371 2187 vsi-

251 2234 359 2293 tatum
385 2224 500 2306 fuisse,
527 2233 565 2292 ut
586 2225 686 2292 etiam
707 2225 742 2292 in
763 2224 1054 2315 Satyriseaedem
1074 2244 1256 2315 personae,
1281 2243 1371 2313 quae

252 2323 288 2396 iu
301 2329 507 2418 praegressis
523 2326 705 2419 tragoediis
725 2327 877 2412 fuerant,
901 2328 1210 2411 introducerentur,
1235 2325 1372 2394 fuerunt

252 2432 312 2521 qui
331 2453 372 2498 ex
386 2429 440 2498 his
456 2430 658 2523 colligerent
674 2430 822 2500 versibus
836 2431 970 2501 Horatii
983 2432 1019 2502 in
1031 2432 1074 2502 A.
1089 2431 1128 2500 P.
1147 2425 1233 2497 225.
1250 2449 1373 2499 vereor

252 2543 296 2604 ne
318 2534 486 2603 nonsatis
508 2544 619 2603 recte:

355 2709 478 2758 vuum
494 2687 547 2757 ita
564 2688 711 2774 risores,
737 2688 791 2758 ito
805 2685 1056 2776 commendere
1081 2685 1218 2759 &cacis

264 2853 266 2856 .
356 2792 535 2861 conueniet
554 2791 723 2883 Satyros,
758 2793 811 2862 ita
826 2799 965 2863 vetere
984 2791 1080 2860 serio
1099 2789 1205 2874 ludo,
1350 2815 1351 2820 ¹

357 2915 413 2980 ae,
439 2894 646 2987 quicumque
658 2895 764 2978 deo,
791 2895 999 2985 quicumque
1013 2891 1242 2960 adhibebitur
1255 2889 1375 2976 heros,

355 2997 479 3089 regali
493 3005 696 3091 conspectus
717 2998 753 3065 in
775 3015 865 3063 auro
883 3014 998 3085 nuper
1022 3001 1057 3060 et
1071 3001 1176 3080 ostro,

356 3100 489 3192 migret
509 3100 546 3169 in
568 3099 736 3176 obscenos
754 3097 878 3167 humili
892 3115 1051 3166 sumone
1064 3094 1243 3179 tabernas,

357 3211 440 3288 cut,
467 3201 554 3292 dum
567 3205 657 3274 vitot
673 3203 835 3288 humum,
861 3198 970 3270 nubes
988 3206 1023 3269 et
1042 3198 1165 3268 inania
1189 3203 1320 3292 cupiet.

254 3354 413 3440 Quodsi
445 3377 487 3424 er
514 3356 650 3424 nomine
682 3357 911 3426 coniecturam
938 3353 1054 3424 facere
1080 3353 1180 3437 licet,
1214 3357 1373 3441 quattuor

253 3457 446 3528 fabularum
473 3457 508 3524 in
534 3457 656 3528 eodem
680 3467 879 3552 argumento
898 3456 1097 3526 versantium
1122 3453 1285 3524 iudicium
1305 3451 1370 3522 ha·

253 3563 330 3646 bet,
357 3585 444 3649 quae
460 3562 674 3630 ascholiasta
691 3559 928 3652 Aristophanis
946 3558 990 3627 ad
1007 3560 1096 3628 Aves
1114 3581 1145 3625 v.
1165 3555 1251 3625 282.
1274 3578 1372 3626 com-

255 3675 460 3734 memoratur
475 3664 638 3735 Philoclis
656 3665 852 3743 Πανδιονὶς
867 3652 1058 3754 tetralogia.
1096 3659 1268 3751 Euripidis
1289 3681 1371 3728 vero

254 3770 471 3861 tetralogiam
498 3763 768 3860 Ἀλκμαιωνίδα
800 3765 958 3834 Butlems
986 3764 1032 3832 ad
1060 3761 1223 3854 Aeschyli
1246 3763 1372 3854 fragm.

255 3870 369 3958 Prom.
394 3895 430 3962 p.
446 3869 532 3938 214.
559 3871 603 3938 Τ.
626 3870 652 3942 l.
669 3878 876 3940 commentus
897 3877 963 3954 est,
989 3868 1048 3957 qui
1068 3868 1094 3934 si
1114 3866 1299 3936 accuratius
1319 3866 1373 3932 in-

180 4049 183 4053 ,
257 3973 417 4062 spexisset
442 3973 650 4079 Bentleium,
692 3995 794 4062 quem
827 3980 999 4042 auctorem
1027 3970 1195 4054 nominat,
1226 3968 1373 4056 vidisset,

257 4073 351 4144 huuc
374 4076 470 4146 istam
493 4075 666 4168 Euripidis
693 4070 964 4168 Ἀλκμαιωνίδα
990 4073 1086 4166 aegri
1115 4073 1282 4142 somnium
1308 4093 1374 4164 ap-

257 4179 397 4270 pellare.
448 4179 527 4246 Non
553 4180 661 4272 magis
687 4201 728 4248 ex
755 4200 816 4264 co,
849 4177 944 4267 quod
964 4176 1210 4269 Aristophanes
1231 4175 1373 4246 luem.

260 4277 347 4349 141ss
380 4279 589 4372 Lycurgiam
610 4281 775 4370 Aeschyli
796 4281 962 4365 nominat,
988 4302 1093 4370 quum
1117 4281 1295 4372 Lycurgru
1316 4278 1374 4346 'fa-

258 4385 340 4452 bula
363 4381 506 4471 satyrica
530 4383 650 4469 fuerit,
681 4383 787 4453 ausim
813 4384 996 4478 colligere,
1030 4383 1246 4477 tetralogiam
1272 4381 1376 4453 iubae
