3080 5054
559 377 862 464 naturamve.
1199 383 1266 458 ”d
1304 465 1306 468 ,

394 556 445 656 νδν
470 553 506 634 δ’
530 555 632 634 ὕδατ’
656 553 849 636 «leudona.

144 715 254 786 Versu
281 711 318 782 4.
346 709 425 782 libri
455 711 565 788 ἔκυσε.
607 703 859 784 ’ΨεΙιεδεΙδδιιε
888 700 933 784 ad
961 713 1097 787 Lucret
1121 715 1149 785 Ι.
1177 711 1264 812 251.

144 823 234 890 male
267 818 412 906 ἔκυσσε,
455 839 524 906 quo
548 837 662 886 errore
687 818 789 888 etiam
813 817 1059 888 recentissimae
1087 820 1264 911 epicorum

145 921 325 1007 editiones,
350 919 502 990 noudum
521 919 601 990 illae
618 921 684 1006 ita,
709 921 776 991 ut
765 944 800 990 ιιι
822 921 890 993 huo
904 923 1088 992 litterarum
1110 923 1187 992 luce
1204 947 1265 992 ex-

145 1025 292 1118 spectari
333 1033 487 1116 poterat,
545 1025 731 1116 expolitae,
780 1022 1054 1124 δπσκυσσαμδνη
1088 1027 1263 1118 praebent.

143 1123 262 1204 Κδειν
279 1136 327 1196 est
346 1125 572 1222 secundare,
597 1127 1111 1222 unde⁸uvpu,agrammat1c1s
1131 1130 1176 1198 de
1190 1130 1264 1198 fetu

144 1231 359 1315 adnotatum,
384 1229 588 1339 Aeschylus
595 1240 696 1321 atque
715 1231 900 1325 Euripides
923 1240 1139 1351 usurparupt,
1166 1239 1263 1306 κυεῖν

145 1343 259 1404 autem
276 1353 422 1426 parere.
472 1319 751 1420 (inolitarum,
776 1334 855 1424 qui,
880 1335 951 1404 sive
968 1358 1048 1422 suo,
1073 1335 1142 1405 sive
1157 1344 1263 1428 typo-
1371 1403 1375 1424 ,

142 1436 270 1530 graphi
288 1458 418 1522 errore,
444 1437 546 1512 ἔλυσε
561 1437 723 1529 seriptum
744 1438 846 1508 fuisse
862 1437 961 1524 dicit,
987 1437 1083 1528 quod
1098 1462 1262 1560 nusquam

142 1541 269 1632 legitur
296 1541 358 1609 nisi
380 1541 416 1608 iu
442 1540 496 1610 ed.
519 1540 722 1613 Stanleiana.
773 1540 942 1610 Heathius
971 1541 1110 1626 ideone,
1156 1543 1262 1612 etsie

142 1644 244 1712 etiam
264 1643 399 1735 Maltby
421 1642 467 1713 ad
495 1642 636 1712 Morell
668 1666 706 1735 p.
734 1643 822 1712 393.
872 1643 1114 1742 Valckenarius
1145 1645 1261 1733 ἕδυσι,

140 1745 363 1816 Ruhnkeuius
376 1747 514 1843 ἔπλησε
565 1746 752 1818 Placebant
770 1748 836 1816 sibi
851 1748 984 1818 olim
953 1771 1016 1818 vm
1004 1747 1153 1818 ⁸docti
1142 1770 1177 1816 ιιι
1191 1747 1312 1825 hu-¹

143 1850 290 1920 iusmodi
313 1849 608 1938 hariolatiouibus‚
650 1859 684 1919 et
707 1851 846 1944 placent
876 1851 941 1921 sibi
960 1849 1078 1922 adhue
1097 1851 1261 1922 nonnulli.

142 1954 291 2039 Quando
308 1954 446 2024 taudem
463 1977 584 2047 nugan
574 1952 812 2025 desinemus?
840 1953 1017 2031 Versusll.
1035 1965 1070 2025 et
1089 1953 1124 2024 Ί.
1140 1956 1262 2025 omittit

141 2057 244 2126 etiam
259 2057 418 2150 epitome.
457 2058 576 2148 Vulgo
594 2058 748 2150 δένδρων
770 2047 814 2132 de'
829 2085 885 2140 τις
904 2056 982 2155 δι’ρω
1000 2063 1049 2134 tn.
1091 2058 1307 2128 Mirumurlo

140 2158 626 2286 1ιοδῐε,(ὶισιίιιιιι,δε’νδρων
653 2160 695 2231 δέ
718 2154 764 2232 θ
786 2157 1258 2252 ὦρσέν,8δειι1εἰιιιιιδε’ν-

143 2265 239 2360 δρων
261 2263 304 2336 δέ
322 2288 379 2343 τις
405 2255 474 2359 tl'p'
503 2265 560 2345 ἐκ,
591 2259 778 2332 Heathium
799 2261 953 2356 δένδρων
977 2263 1020 2335 δέ
1040 2289 1113 2343 πως
1132 2257 1201 2360 αἶρ’
1221 2267 1259 2336 ἐν

142 2367 291 2437 seribere
319 2365 477 2459 potuisse.
533 2361 679 2432 Botlrius
707 2385 773 2454 pro
804 2381 919 2448 more,
959 2365 1114 2454 δενδρων
1138 2366 1175 2438 δὲ
1204 2363 1260 2446 τίς

142 2468 227 2565 ὄρος
249 2472 296 2542 ἐκ.
349 2466 626 2555 Valckenarium,
663 2467 723 2554 qui
741 2466 897 2562 δένδρων
918 2461 958 2540 ν’
980 2459 1149 2559 ὀπώραν,
1181 2465 1206 2562 ἢ
1228 2461 1260 2540 ’ν

140 2571 303 2660 coniecit,
328 2592 516 2664 speramus,
554 2569 582 2637 si
602 2567 747 2638 scivisset
768 2569 803 2636 iu
829 2567 907 2638 cod.
931 2566 975 2643 A.
1000 2568 1073 2660 legi
1101 2571 1259 2664 δένδρων

140 2701 197 2754 τις
225 2672 302 2769 (δρα
332 2671 371 2748 δ’
398 2679 437 2748 ἐν
458 2671 545 2766 legi,
584 2695 655 2740 nou
682 2671 735 2757 id,
780 2681 819 2740 ut
846 2671 1061 2743 novissimum
1091 2671 1258 2740 editorem

139 2775 322 2860 Athenaei,
354 2777 389 2845 in
409 2786 536 2846 textum
559 2786 775 2869 recepturum
796 2776 913 2862 fuisse,
946 2775 1007 2846 sed
1025 2775 1128 2859 illud,
1161 2775 1258 2866 quod

138 2901 199 2949 nos
214 2879 388 2969 dedimus,
412 2880 646 2975 repositurum.
672 2879 677 2886 ’
699 2878 881 2976 Euripides
902 2879 1006 2952 llere
1026 2878 1068 2948 F.
1090 2877 1179 2950 790.

396 3066 549 3146 Πυδδσυ
575 3069 754 3170 δενδρδεσ
774 3069 902 3167 πέτρα.

151 3233 155 3244 ’
239 3240 404 3334 Superest
422 3262 526 3308 uuum
543 3238 658 3310 adhuc
677 3235 871 3306 Danaidum
887 3235 1129 3328 fragmentum,
1154 3239 1254 3310 enisi

137 3345 174 3412 in
186 3344 307 3413 eadem
319 3343 458 3413 Veneris
476 3343 627 3412 oratione
645 3343 761 3411 locum
778 3339 882 3408 fuisse
901 3340 1131 3434 conficiemus,
1157 3343 1255 3410 'erunt

138 3449 300 3537 fortasse,
323 3448 385 3537 qui
407 3445 445 3515 id
461 3446 621 3516 audacius
643 3446 773 3514 factum
792 3443 951 3516 iudicent.
999 3443 1144 3536 Legitur
1159 3444 1253 3534 apud

137 3550 367 3641 Hesyolrium:
407 3549 649 3646 ναθυδρσμαν-
663 3548 783 3673 γῆρας.
835 3541 954 3640 &eodm
955 3575 1020 3620 ναν.
1071 3542 1266 3637 Ανσχδλσσ

137 3654 311 3728 Aerulos.
361 3653 454 3724 Edd.
474 3662 555 3722 vett.
576 3646 719 3750 Δανάῃ.
762 3649 884 3720 Codex
904 3651 1011 3724 dulor.
1043 3651 1178 3718 Nomen
1197 3650 1252 3718 fa-

136 3749 240 3825 bulae
262 3765 355 3827 recte
372 3757 558 3829 restitutum
570 3766 666 3848 puto.
716 3754 833 3824 Verba
851 3755 965 3846 primo
987 3752 1150 3845 adspectu
1167 3752 1254 3822 senis

137 3883 210 3928 esse
223 3861 430 3946 videntur,'
420 3882 633 3930 iuvenescere
654 3881 690 3928 se
710 3857 858 3929 dicentis.
910 3858 958 3926 Et
973 3865 1070 3949 putet
1084 3856 1159 3945 quis
1177 3856 1253 3925 ior-

137 3962 221 4032 situn
237 3962 411 4054 Danaum,
436 3965 496 4033 ubi
514 3964 645 4033 absolvi
658 3985 695 4032 se
711 3985 731 4030 a
745 3960 911 4031 iudicibus
933 3959 1041 4044 sensit,
1066 3960 1112 4027 ita
1127 3958 1252 4030 dicere.

137 4065 270 4135 Vereor
287 4090 387 4158 vero,
413 4090 456 4136 ne
477 4089 546 4136 uon
565 4067 671 4136 modo
691 4065 851 4136 sententia
865 4065 925 4134 illa
943 4087 1067 4155 pureum
1083 4061 1188 4154 digua
1210 4063 1253 4131 sit

136 4168 210 4237 viro
230 4171 327 4262 gravi
345 4183 379 4240 et
401 4171 532 4256 sobrio,
558 4169 754 4261 praesertim
772 4190 874 4236 unam
894 4167 1008 4236 adhue
1029 4165 1134 4235 filiam
1158 4189 1251 4235 ream

137 4283 273 4363 acturo,
298 4274 478 4343 sedetiam
500 4273 698 4343 neverbum
716 4294 784 4341 nou
808 4272 850 4342 sit
870 4280 950 4364 apte
973 4271 1129 4344 electum.
1161 4272 1251 4338 Nam

135 4399 242 4465 quum
275 4378 408 4454 duobus
428 4377 547 4447 ‘nrodis
575 4377 686 4469 accipi
710 4375 818 4470 possit
842 4373 1093 4475 ναδυίρεσδάν
1125 4373 1250 4470 γῆρας,
