3058 5046
443 381 445 386 ’
541 384 867 448 ulssuuuuulc
1180 331 1253 452 ι201

136 558 246 628 vocati
274 567 364 644 suut,
398 557 619 650 intelligenda
641 581 711 626 esse
730 567 883 650 apparet.
936 557 1150 649 Quamquam
1173 557 1254 642 hoc,

136 673 297 753 utsupra
319 660 478 745 diximus,
511 681 580 728 nou
608 662 733 752 ubique
757 663 833 730 satis
859 670 988 732 certum
1019 672 1254 754 argumentum

85 751 95 760 ⁵
137 773 204 849 est,
237 773 421 856 propterea
443 763 538 852 quod
562 757 668 832 multa
688 765 813 834 horum
837 766 1010 832 nominum
1032 774 1169 855 postero
1191 766 1253 835 de-

136 891 230 938 mum
244 879 402 958 tempore
418 866 451 934 in
473 866 604 934 fabulas
621 868 699 936 istas
717 858 871 942 ridentur
883 868 983 936 illata-
995 889 1075 936 esse.

76 1146 78 1150 ,
240 1071 339 1142 Haec
357 1071 385 1140 si
407 1093 490 1156 vere.
503 1069 672 1161 disputata
693 1080 783 1158 sunt,
809 1095 877 1142 nou
898 1072 1006 1164 magis
1024 1095 1099 1158 eos,
1125 1071 1183 1162 qui
1201 1071 1256 1139 fa-

135 1176 232 1244 bulas
250 1186 379 1243 veteres
402 1176 445 1242 ab
467 1172 607 1241 historia
629 1185 829 1268 segregant,
864 1175 965 1265 qu‘am
986 1177 1076 1261 illos,
1118 1175 1176 1264 qui
1194 1175 1256 1244 ista

137 1279 250 1346 omnia
271 1281 338 1362 sic,
371 1277 419 1346 uti
442 1285 633 1363 narrantur,
666 1288 743 1347 acta
773 1301 843 1347 esse
875 1278 1036 1368 creduut,
1069 1277 1255 1348 audiendos

136 1380 349 1472 putabimus,
375 1379 455 1464 sed,
481 1379 634 1450 detracto
659 1389 777 1450 ornatu
798 1383 954 1472 poetico,
980 1383 1130 1471 iustaque
1151 1382 1256 1448 iuter·
1344 1373 1350 1384 ’

135 1484 333 1576 pretatione,
342 1482 513 1567 adhibita,
539 1484 713 1552 materiem
727 1485 952 1564 narrationum
967 1485 1101 1552 illarum
1118 1507 1170 1552 res
1185 1505 1255 1552 esse

135 1609 217 1655 vere
231 1597 346 1678 vgestas
364 1586 581 1656 censebimus.
633 1587 744 1656 Simul
766 1596 879 1656 antem
897 1588 970 1679 ipsa
993 1588 1042 1656 rei
1063 1596 1181 1656 natura
1194 1609 1256 1654 nos

29 1769 34 1774 .
135 1688 351 1774 admonebit,
375 1688 462 1754 nihil
481 1689 515 1756 in
536 1689 607 1760 hoc
622 1700 833 1780 generatam
854 1692 1018 1762 incertum
1035 1714 1123 1776 esse,
1150 1711 1256 1780 quam

133 1800 330 1884 temporum
346 1791 505 1873 rationes3
537 1815 646 1882 neque
669 1795 920 1882 obliviscemur,
946 1797 995 1864 uti
1014 1794 1178 1879 recentia,
1203 1795 1256 1861 vi·

108 1905 240 1988 ‘gente
263 1895 378 1965 adhuc
396 1896 638 1986 plerorumque
661 1897 829 1968 factorum
850 1899 1031 1984 memoria,
1074 1897 1178 1990 longa
1204 1897 1256 1963 vi-

136 1998 276 2094 dentur,
300 2002 347 2067 ita
366 2000 519 2086 antiqua,
543 1996 821 2092 paucissimorum
845 2002 1164 2072 commemoratione
1184 2022 1256 2068 ser-

136 2110 232 2188 vata,
257 2102 373 2170 brevia
391 2101 507 2170 videri.
965 2096 967 2100 ’
1199 2135 1201 2139 -

161 2349 167 2352 -
239 2305 311 2381 Sed
338 2308 453 2398 placet
473 2308 561 2392 iam,
602 2330 691 2396 quae
713 2307 873 2393 diximus,
914 2307 1071 2398 exemplo
1093 2329 1256 2397 compro-

134 2411 231 2478 bare.
285 2409 404 2478 Inachi
431 2411 537 2476 filiam
561 2409 618 2494 lo,
659 2411 762 2502 Argis
787 2410 992 2502 profugam,
1029 2400 1108 2500 post
1132 2411 1255 2500 longos

135 2533 267 2580 errores
288 2511 322 2580 in
342 2507 488 2602 Libyam
509 2511 641 2580 venisse
658 2511 791 2596 dicunt3
816 2514 866 2592 ab,
885 2513 953 2582 hae
977 2520 1065 2580 ortas
1087 2511 1256 2612 Danaides

134 2614 275 2682 rediisse
297 2616 449 2706 Argos,
475 2611 687 2704 quarum'ab
714 2639 781 2684 uua
799 2639 907 2709 genus
930 2614 1062 2702 duxisse
1081 2618 1253 2700 Perseum,

135 2741 158 2785 a
178 2739 247 2807 quo
268 2718 421 2786 Persidas
441 2719 542 2811 Argis
563 2718 789 2810 imperitasse;
817 2742 964 2810 quorum
980 2728 1112 2810 partem
1130 2720 1280 2811 expul-li

136 2842 209 2906 sos,
242 2829 333 2890 etex
352 2820 406 2888 his
424 2821 610 2892 Herculem
628 2831 744 2891 natum
765 2846 853 2905 esse3
881 2823 981 2892 huius
1004 2832 1158 2916 posteros
1178 2833 1255 2892 tau-
1385 2870 1387 2882 ,

137 2923 217 2992 dem
237 2945 388 2992 reversos
403 2925 466 2994 sibi
479 2915 752 3016 Peloponnesum
765 2927 951 2998 subiecisse.
977 2927 1139 2995 Referam
1155 2926 1253 3012 haec,

137 3027 264 3095 omissis
282 3051 370 3118 quae
392 3051 460 3096 nou
483 3038 558 3096 sunt
575 3031 778 3118 necessaria,
803 3031 1020 3119 Apollodoro
1044 3031 1255 3119 potissimum

137 3139 290 3214 auctore,
315 3132 374 3220 qui
389 3132 477 3209 libro
497 3129 645 3200 secu'udo
662 3134 707 3202 de
727 3133 780 3198 his
793 3127 893 3201 rebus
909 3121 1072 3223 exposuit.
1124 3132 1195 3200 Sed
1219 3133 1254 3200 in
1351 3199 1353 3202 .

137 3252 181 3302 eo
201 3232 353 3301 deseram
373 3233 646 3322 Apollodorum,
680 3233 776 3324 quod
804 3234 887 3304 huic
909 3235 948 3301 lo
970 3243 1090 3304 octava
1116 3233 1254 3304 demum

136 3337 355 3428 generatione
382 3337 426 3405 ab
441 3334 571 3405 Inacho
588 3346 662 3404 orta
685 3335 906 3427 perhibetur,
929 3360 1036 3427 quum
1052 3361 1128 3407 eam
1148 3339 1256 3427 pleri-

137 3461 206 3529 que
226 3447 260 3510 et
272 3439 459 3532 gravissimi
474 3449 626 3510 auctores
649 3440 755 3510 liliam
776 3440 876 3511 fuisse
888 3441 1018 3512 'luachi
1039 3441 1190 3509 dixerint.

219 3729 221 3736 Α
239 3645 350 3738 Igitur
371 3643 502 3714 Oceani
526 3645 616 3727 filius
636 3639 798 3734 Ἴναχος,
831 3645 1027 3730 Evaunum,
1059 3627 1174 3712 filiam.
1188 3641 1256 3710 ha-

136 3747 210 3818 buit
230 3743 291 3822 ’Io'
299 3803 313 3838 ,
346 3748 461 3836 ltiam,
487 3770 589 3837 quam
613 3770 727 3816 amans
750 3748 903 3841 luppiter
930 3770 1035 3837 quum
1056 3749 1092 3815 iu
1115 3767 1255 3816 vaccam

136 3851 419 3937 transformasset,
445 3873 514 3940 quo
529 3847 721 3946 ea'Hpuu,
747 3852 985 3943 Populoniam,
1011 3852 1140 3936 lateret,
1166 3850 1254 3920 haec
1364 3919 1376 3926 ἡ

130 3951 295 4048 Ἀργον,
337 3955 510 4039 Micuum,
556 3954 732 4024 custodem
765 3955 877 4024 multis
923 3955 1028 4024 oculis
1062 3954 1254 4045 praeditum

135 4055 275 4148 puellae
295 4055 446 4141 addidit,
475 4058 692 4146 furoremque
719 4058 750 4125 ei
777 4059 921 4127 immisit.
944 4055 946 4057 ’
972 4057 1128 4128 Micuum
1149 4082 1253 4150 quum

135 4159 347 4243 Mercurius,
374 4158 480 4227 oculis
496 4162 566 4228 eius
581 4161 780 4252 consopitis,
808 4160 1001 4246 occidisset,
1028 4162 1162 4254 aufugit
1177 4162 1252 4233 ltia.

137 4263 217 4331 Non
231 4269 281 4331 est
296 4263 495 4346 obscurum,
521 4284 625 4352 aquas
640 4262 718 4348 dici,
744 4285 832 4352 quae
842 4263 946 4334 fluvio
962 4265 1077 4354 aliquo
1091 4266 1159 4334 sive
1174 4265 1253 4332 lacu

116 4423 119 4430 .
139 4364 344 4455 exundante,
355 4365 531 4459 ‘imbribus
550 4375 686 4454 auctae,
720 4365 764 4461 (is
788 4375 839 4438 est
857 4389 953 4438 umor
971 4369 1078 4461 lovis)
1098 4376 1252 4438 tortuoso
