3078 5026
188 333 240 394 DE
262 331 395 406 coorto
415 331 606 438 ,rotomo
635 331 825 396 ruscum
844 333 936 396 DlSS.
957 333 979 394 l
1003 331 1136 400 PRAEF.
1186 337 1250 402 lto

134 505 269 576 lleldius
288 506 323 574 iu
343 503 553 598 praefatione
576 505 621 573 ad
640 501 804 594 Aeschyli
824 505 958 574 Persasr
985 527 1073 596 quae
1094 509 1207 578 omnia
1222 509 1250 578 si

133 609 259 686 ¹vellem
277 609 454 699 persequi,
480 607 581 678 facile
594 608 713 692 tertiae
729 607 828 675 alicui
841 608 1061 678 dissertationi
1076 613 1249 682 materiam

132 713 325 784 invenirem.
349 745 351 753 Α
378 712 506 780 Verum
525 711 683 800 quoniam
703 711 862 778 nonnulla
884 710 1010 780 horum
1023 733 1063 782 er
1082 713 1138 800 iis,
1162 737 1251 804 quae

132 840 155 884 a
176 816 274 884 nobis
295 814 463 904 disputata
486 823 579 899 suut,
604 813 704 884 facile
727 838 747 882 a
770 815 887 903 quovis
919 815 1062 894 iudicari
1079 827 1249 906 poterunt,

131 918 220 998 illud
236 926 363 986 tantum
380 917 496 1010 paucis
519 917 814 1001 commemorabo,
840 918 934 1006 quod
955 919 1175 1009 praetermitti
1195 942 1247 988 res

131 1022 208 1113 ipsa
238 1030 337 1089 vetat
397 1021 498 1090 Putat
518 1021 606 1088 euim
628 1021 679 1087 vir
707 1019 934 1104 doctissimus,
973 1021 1138 1112 Aeschyli
1164 1044 1247 1090 aevo

131 1147 308 1194 numerum
325 1145 544 1213 personarum
569 1121 666 1192 chori
691 1123 901 1190 arbitrarium
921 1123 1038 1205 fuisse3
1062 1124 1097 1192 in
1115 1125 1273 1206 Eume-4

132 1227 273 1296 nidibus
287 1225 425 1315 quidem
440 1226 600 1294 extribus
622 1247 699 1292 eum
712 1225 862 1315 personis
877 1227 1079 1313 constitisse,
1105 1228 1247 1297 eodem-

132 1353 201 1420 que
215 1351 354 1397 numero
369 1327 467 1407 luisse
484 1328 628 1397 chorum
643 1327 855 1413 cabirorum,
880 1328 1100 1418 Phorcidum,
1125 1330 1250 1400 Helia·

92 1467 96 1476 ·
133 1434 234 1513 dum;
270 1431 432 1500 Heliades
462 1440 575 1500 tamen
603 1431 745 1500 sonasse
768 1440 927 1522 septem,
949 1431 1009 1500 sed
1038 1453 1107 1502 nou
1132 1435 1247 1526 plures
1314 1483 1317 1490 ·

131 1536 243 1604 frose.
294 1537 372 1632 ltlon
393 1557 561 1623 quaeram,
588 1533 751 1624 Aeschyli
774 1556 911 1620 aerum,
936 1535 1153 1624 quodvocat,
1177 1557 1247 1625 quo

71 1659 74 1664 ·
131 1639 244 1730 spatio
262 1637 349 1706 finiri
364 1646 475 1728 putet:
500 1636 595 1727 quod
612 1660 730 1705 aevum
746 1647 879 1728 partem
894 1639 1132 1730 complectitur
1147 1640 1247 1709 etiam

130 1742 222 1810 illius
244 1743 422 1831 temporis,
448 1763 516 1829 quo
537 1739 730 1832 Sophocles
755 1741 948 1831 tragoedias
971 1741 1103 1812 docuit:
1134 1743 1198 1812 sed·
1210 1751 1249 1811 ut

62 1931 63 1934 Ἴ
131 1845 205 1938 ipsa
224 1845 301 1912 artis
318 1844 428 1928 initia,
453 1846 649 1935 primosque
672 1851 811 1914 conatus
830 1843 993 1934 Aeschyli
1007 1844 1247 1937 intelligamus,

131 1947 206 2037 quis
229 1947 363 2033 credat,
389 1946 534 2018 chorum
555 1970 596 2016 ex
620 1955 690 2014 tam
711 1947 830 2038 paucis
849 1947 1000 2039 personis
1022 1948 1248 2039 compositum

131 2050 251 2136 fuisse,
276 2073 345 2137 nou
361 2051 466 2119 modo
482 2050 667 2120 tacentibus
681 2075 721 2120 ea
742 2051 786 2118 de
810 2074 849 2119 re
870 2051 1085 2142 scriptoribus
1108 2050 1248 2142 antiquis

131 2154 306 2240 omuibus,
352 2152 412 2223 sed
440 2154 560 2223 diserte
587 2153 780 2221 testantibus
802 2153 1030 2224 contrarium?
1065 2154 1247 2243 Quumque

131 2264 280 2341 constet,
312 2255 408 2325 chori
429 2254 560 2324 cantica
579 2255 690 2344 prius,
728 2277 831 2343 quam
852 2264 1004 2325 actorum
1024 2278 1195 2324 sermones
1215 2265 1248 2324 et

129 2358 284 2428 diverbia
302 2358 337 2438 in
358 2379 421 2426 usu
440 2357 558 2442 fuisse,
584 2357 658 2443 quis
681 2358 743 2424 sibi
765 2358 982 2446 persuadeat,
1006 2360 1109 2426 trium
1129 2366 1248 2428 canto-

129 2483 208 2531 rum
224 2481 326 2530 roces
346 2479 411 2549 pro
433 2459 517 2527 iusto
541 2467 706 2529 concentu
721 2457 818 2538 chori
831 2457 964 2526 habitas
980 2482 1068 2545 esse,
1093 2481 1249 2550 praeser-

129 2565 193 2636 tim
212 2563 436 2652 ,quumcyclii
458 2561 555 2630 chori
570 2583 611 2628 ex
631 2561 873 2652 quinquaginta
893 2563 971 2630 viris
985 2563 1114 2648 essem?
1138 2563 1248 2632 Nimi-

130 2689 207 2736 rum
245 2665 378 2756 colligit
404 2665 493 2746 istud
524 2659 760 2735 Blomfieldius
786 2686 827 2732 ex
856 2664 908 2734 his
930 2655 1027 2757 ipsis,
1061 2688 1147 2756 quos
1168 2665 1249 2752 dixi,

133 2769 245 2838 choris
260 2768 449 2854 Furiarum,
475 2766 685 2854 cabirorum,
712 2767 932 2854 Phorcidum,
957 2769 1159 2838 Heliadum:
1183 2769 1246 2838 has

134 2872 221 2940 euim
235 2893 395 2962 personas
413 2893 575 2956 consensu
596 2870 796 2959 antiquitatis
808 2894 876 2938 nou
891 2872 953 2940 uisi
966 2895 1093 2962 paucas
1106 2895 1247 2942 numero

135 2996 221 3054 esse3
238 2997 310 3044 nec
328 2973 454 3064 plures,
476 2995 581 3062 quam
601 2996 672 3042 esse
688 2975 922 3064 crederentur,
947 2975 1094 3064 produci
1115 2977 1150 3042 iu
1170 2999 1245 3044 soe-

133 3099 211 3144 nam
229 3078 397 3166 potuisse..
436 3078 483 3146 At
501 3099 543 3152 ex
564 3074 617 3142 his
631 3077 721 3162 solus
741 3077 917 3145 Furiarum
932 3077 1073 3163 chorus,
1102 3078 1160 3167 qui
1181 3077 1243 3144 ali-

133 3178 217 3269 quid
236 3180 383 3270 probare
411 3180 535 3272 possit,
572 3179 796 3266 relinquitur„
837 3180 890 3248 De
912 3180 1050 3254 caeteris
1069 3182 1166 3248 euim
1193 3202 1246 3248 res

132 3283 235 3373 plane
249 3284 376 3352 incerta
390 3291 447 3350 est.
500 3280 591 3366 Quin
604 3281 639 3346 in
654 3280 783 3349 Cabiris
798 3283 856 3370 qui
872 3282 935 3348 luit
952 3282 1075 3352 chorus
1084 3332 1108 3368 ,.
1122 3306 1164 3352 ex
1177 3283 1246 3352 Ar-

132 3385 287 3476 gonautis
305 3385 419 3475 potius
442 3383 665 3474 compositum
679 3385 779 3452 luisse
791 3385 952 3454 credibile
971 3397 1029 3456 est.
1064 3387 1117 3455 De
1131 3384 1245 3452 Phor-

115 3486 249 3556 ‘cidum
269 3487 377 3558 choro
400 3487 485 3556 nihil
508 3496 653 3558 constat:
685 3487 743 3576 qui
766 3488 876 3555 siluit
898 3511 939 3555 ex
959 3489 1086 3556 Phorci
1103 3487 1245 3570 filiabus,

120 3591 225 3673 'certe
237 3591 322 3658 iniis
340 3591 439 3658 etiam
455 3590 635 3680 Gorgones
649 3590 917 3675 numerabantur,
940 3597 975 3656 ut
988 3611 1060 3672 sex,
1086 3608 1155 3654 non
1168 3596 1245 3673 tres,

130 3692 273 3778 luerint,
299 3716 409 3783 neque
427 3693 507 3758 illae
522 3693 662 3758 fortasse
685 3692 754 3758 siue
771 3690 957 3758 comitibus.
991 3690 1153 3760 Heliades
1168 3691 1244 3778 qui·

132 3794 215 3862 dem
233 3794 328 3865 haud
347 3795 451 3866 dubie
470 3793 615 3880 chorum
634 3793 884 3862 constituerunt:
913 3795 992 3882 quis*
1008 3814 1089 3862 vero
1104 3802 1244 3886 couten-

133 3896 212 3982 dat,
244 3919 313 3966 non
332 3899 433 3967 fuisse
453 3897 492 3965 iis
514 3898 598 3964 alias
618 3906 748 3988 septem
775 3898 830 3964 vel
851 3906 929 3966 octo
952 3894 1119 3987 nymphas
1143 3897 1244 3964 mini-

132 4008 278 4082 strorum
301 4002 382 4072 loco
409 4000 596 4085 adiunctas,
637 4009 674 4068 ut
702 4009 832 4091 septem
858 4000 1016 4067 matronis
1038 3999 1244 4090 pedisequae
1273 4014 1276 4026 ’

134 4104 343 4173 consociatae
364 4105 493 4171 suntin
516 4103 733 4194 Supplicibus
754 4101 953 4191 Euripidis?
985 4101 1057 4170 Sed
1070 4102 1242 4172 videamus

134 4203 262 4274 Furias.
314 4206 525 4275 Credebatur
540 4227 637 4290 sane,
671 4206 734 4272 has
756 4225 894 4272 numero
916 4215 982 4273 tres
1003 4229 1089 4287 esae3
1110 4201 1241 4275 'rerum
1308 4193 1312 4202 ¹

106 4315 222 4406 ¹est,'·
243 4331 408 4401 nusquam
435 4306 642 4398 Aeschylum
669 4307 792 4397 diserte
820 4306 1240 4398 plureseommemorore:
1324 4317 1335 4330 ·‘
1384 4315 1387 4329 ¹
