3080 5054
352 357 1129 459 rnrnanocmnvurnaorcanvri.
1228 395 1294 464 aon

176 562 405 658 Lyeurgiarn,
444 565 525 635 licet
549 565 620 637 hoc
650 587 773 636 nornen
800 565 845 634 de
874 567 974 638 rebus
1003 566 1155 660 Lycurgi
1191 567 1292 638 etlam

176 671 375 742 scholiastes
395 666 440 735 ad
462 669 560 736 Iliad.
585 677 611 756 ζ.
631 667 715 738 129.
738 669 796 759 qui
816 671 983 762 tragicum
1006 672 1152 760 aliquem
1174 693 1293 764 respe-
1351 691 1354 704 ·

174 774 262 842 xisse
275 771 424 855 videtur,
451 772 600 862 posuerit
614 770 662 864 ι).
688 773 777 842 Nam
802 796 845 841 ue
859 770 1048 870 Ὀριιιιεια
1064 773 1201 864 quidem
1221 783 1293 842 tota
1309 821 1312 827 «

174 877 238 944 illa
257 873 422 964 Aeschyli
443 875 595 965 trilogia,
627 875 687 944 sed
707 884 837 970 tantum
863 875 1088 968 Choephori·
1097 884 1131 944 et
1162 877 1273 946 Eume
1372 868 1375 879 ’

174 979 273 1050 nidos
291 978 402 1048 dictae
424 978 588 1047 videntur.
640 979 734 1047 lllud
758 1001 840 1048 vero
863 1000 931 1047 non
961 994 1045 1070 puto
1069 979 1291 1048 dubitandum

174 1105 267 1168 esse,
292 1081 447 1171 Satyros,
474 1081 573 1148 etiam
599 1081 628 1150 si
652 1080 903 1174 tragoediarum
929 1082 1098 1175 trilogia
1088 1104 1124 1152 ιιι
1143 1104 1211 1150 uno
1236 1105 1292 1151 ar·
1340 1077 1344 1092 '

174 1175 340 1278 gumento
369 1174 581 1268 consisteret,
621 1183 695 1254 fere
727 1184 820 1252 aliud
851 1184 1008 1255 habuisse
1045 1194 1291 1278 argumentum.

176 1289 394 1375 Quamquam
408 1286 608 1378 Euripidem
634 1286 671 1354 id
685 1288 819 1374 fecisse,
845 1311 967 1379 quum,
993 1296 1031 1358 ut
1046 1289 1242 1376 Aelianusl.
1259 1311 1289 1358 c

174 1391 302 1476 refert,
328 1398 472 1458 certaret
504 1382 751 1486 ’Λλιξανδρῳ,
787 1385 1009 1486 Παλαμὴδῃ,
1047 1369 1187 1485 Τρισὶ,
1214 1395 1289 1464 Σι-

174 1487 391 1687 aaron

397 1643 407 1682 2
839 1651 847 1670 ι

173 1699 257 1766 illae
274 1720 390 1766 omnes
404 1720 445 1767 ex
456 1700 555 1766 rebus
569 1697 702 1768 Troicis
719 1698 943 1790 depromptae
965 1710 1049 1784 sunt,
1074 1707 1204 1785 tamen,
1229 1699 1290 1768 nisi
1360 1757 1363 1766 ,

172 1802 383 1896 permultum
403 1801 466 1869 sihi
486 1800 641 1870 licentiae
658 1803 798 1893 sumpsit
818 1801 1016 1894 Euripides,
1041 1802 1096 1869 vix
1110 1801 1220 1893 potuit
1235 1825 1291 1870 eas

77 1917 84 1926 ‘
170 1907 343 1977 factorum
363 1905 511 1995 quadam
524 1906 749 1996 perpetuitate
765 1905 979 1997 coniungere.
1012 1905 1203 1997 Trilogiam
1221 1912 1290 1972 tra*

173 2008 377 2102 goediarum
395 2030 499 2077 unum
515 2008 676 2098 deinceps
698 2017 932 2100 argumentum
952 2008 1189 2100 explicantium
1205 2007 1291 2076 Les-

174 2111 301 2200 singius
330 2109 365 2176 in
388 2109 468 2176 Vita
493 2108 678 2198 Sophoclis
705 2109 1071 2201 p.152.indicatam
1099 2111 1242 2201 putabat
1270 2133 1292 2176 a

66 2281 68 2286 .
175 2211 354 2282 Clemente
367 2211 625 2331 Alexandrino
616 2232 651 2276 m
672 2211 883 2302 Protreptico
907 2210 960 2278 his
979 2212 1090 2280 verbis
1110 2232 1146 2301 p
1164 2207 1289 2284 19.Α.

78 2329 81 2334 “
175 2313 393 2411 Πατροκλῆς
423 2340 466 2386 τε
500 2309 522 2384 ιι
558 2306 714 2407 Θούριοι
748 2313 808 2386 acl
842 2311 1086 2408 Σοφοκλῆς
1066 2341 1086 2384 o
1117 2306 1291 2440 oadrapor

176 2421 216 2491 ιν
238 2443 336 2513 aptot
328 2413 615 2512 τραγῳδίαις
600 2413 811 2510 ιστοριίταν
832 2419 914 2487 τοῖν
934 2409 1174 2508 Διοςαούροιιι
1195 2415 1288 2508 πέρι

175 2518 248 2588 Sed
265 2518 335 2588 hoc
354 2518 457 2586 valde
478 2518 642 2586 incertum
666 2525 733 2602 est,
758 2539 886 2608 neque,
912 2524 950 2584 ut
970 2539 1051 2585 vera
1069 2518 1110 2584 sit
1129 2516 1188 2584 illa
1205 2536 1291 2583 con-

175 2623 323 2708 iectura,
356 2643 398 2690 ex
417 2621 546 2688 silentio
570 2619 756 2710 quidquam
779 2622 824 2690 de
844 2618 969 2710 Satyris
990 2619 1150 2722 adiunctis
1172 2617 1293 2710 colligi

174 2727 310 2818 poterit
361 2723 477 2792 Multo
507 2723 779 2800 inconsideratius
806 2725 850 2792 de
879 2723 1023 2814 trilogiis
1044 2730 1078 2792 et
1104 2722 1291 2822 tetralogiis

173 2827 267 2896 idem
282 2835 518 2920 argumentum
536 2827 813 2918 persequentibus
833 2825 984 2895 disseruit
1004 2827 1032 2899 l
1054 2823 1137 2896 chr.
1160 2815 1290 2896 Genel-

173 2931 257 3016 lius,
288 2931 339 2999 ιιι
362 2931 588 3022 perelegantis
609 2929 740 3016 iudicii,
776 2929 836 3000 sed
857 2951 1002 3022 magnae
1030 2938 1064 2998 et
1088 2929 1229 2999 levitatis
1253 2928 1315 2996 ine
1398 3015 1404 3030 Ι

117 3117 121 3120 ι
174 3033 439 3126 pervestigandis
462 3034 561 3102 rebus
580 3031 763 3118 historicis,
790 3033 881 3102 etin
906 3033 1127 3102 coniectando
1151 3030 1288 3100 temeri·

39 3165 41 3170 ·
175 3138 260 3206 tatis.
310 3137 343 3203 Is
360 3135 455 3226 quod
475 3135 510 3202 ιιι
530 3137 637 3221 libro,
662 3159 764 3225 quem
786 3134 915 3224 scripsit
937 3132 982 3200 de
1004 3132 1138 3225 theatro
1162 3132 1290 3222 Attico,

175 3261 211 3331 p.
231 3238 292 3307 21.
320 3241 383 3323 ait,
409 3237 591 3327 Supplices
612 3236 774 3326 Aeschyli
792 3235 920 3304 medias
939 3233 1042 3304 fuisse
1059 3235 1145 3305 inter
1168 3237 1289 3327 Aegy-

175 3344 265 3434 ptios
297 3349 331 3410 et
357 3339 544 3425 Danaides,
583 3361 651 3428 quo
670 3338 807 3406 taudem
830 3347 1030 3428 argumento
1051 3338 1151 3425 dixit,
1183 3360 1288 3427 quum

172 3468 239 3514 nee
260 3444 349 3513 testis
370 3445 439 3512 eius
464 3442 515 3512 rei
536 3442 622 3512 ullus
645 3450 766 3527 exstet,
790 3462 900 3530 neque
924 3438 968 3508 de
988 3441 1164 3532 Aegyptiis
1186 3439 1288 3529 quid-

175 3571 277 3636 quam
300 3554 436 3639 praeter
465 3567 589 3615 nomen
617 3543 785 3638 supersit?
823 3544 893 3612 Aut
923 3543 1019 3632 quod
1045 3541 1288 3613 Prometheum

175 3653 322 3719 vinctum
342 3649 492 3718 medium
508 3650 608 3717 fuisse
628 3650 699 3718 vult
714 3649 800 3716 inter
818 3645 900 3714 duas
918 3647 999 3714 alias
1019 3645 1064 3715 de
1078 3644 1287 3715 Prometheo

174 3754 328 3839 fabulas,
354 3753 474 3841 quibus
497 3752 663 3822 adiectum
680 3752 781 3820 fuisse
795 3750 976 3842 igniferum
991 3748 1232 3818 Prometheum
1250 3757 1288 3815 ιιι

168 3857 326 3940 tabulam
352 3857 528 3947 satyricam
560 3856 715 3941 coniicit,
754 3855 809 3925 cui
833 3853 1049 3944 persuadebit
1071 3853 1116 3922 de
1139 3851 1208 3922 hac
1236 3874 1286 3937 re,

216 4215 249 4297 *)
271 4215 452 4277 Scholiastes
473 4211 680 4322 Aristophanis
701 4213 761 4274 MS.
789 4209 871 4294 apud
891 4208 1070 4272 Seidlcrum:
1102 4235 1159 4293 την
1187 4230 1286 4292 rsepo-

168 4303 280 4384 λογίαν
292 4301 368 4408 λέγει
376 4300 583 4404 Λυαουργιαν
591 4295 760 4378 Ἢδανοιις,
782 4298 980 4382 Βασσαριιιας,
1002 4297 1199 4374 Νεανίσκοις,
1223 4299 1286 4356 Λι-
1374 4306 1377 4312 ·

175 4391 308 4472 ιιαιιργον
336 4382 388 4452 τιν
417 4379 617 4470 σατυρικόν.
725 4420 729 4430 1
