3058 5046
293 371 360 436 κε
401 365 451 428 nr
471 365 509 430 a.
530 326 723 428 ommno
744 363 912 442 mvsovr
929 360 1113 428 remorer
1131 366 1315 430 uranum

294 560 348 609 res
375 536 470 626 illos,
513 559 534 605 a
563 535 684 624 quibus
712 535 809 604 aliter
847 555 967 605 vereor
990 525 1027 605 ut
1052 535 1208 606 immunis
1230 542 1415 610 mamisset.

294 638 400 728 Quod
421 639 503 707 siin
525 638 665 732 singulis
686 638 890 729 quibusdam
906 639 991 710 locis
1011 647 1069 708 aut
1088 643 1237 712 versibus
1259 644 1417 713 Terentii

256 743 266 782 ⁸
294 745 339 814 ab
360 752 454 812 recta
478 752 664 811 metrorum
688 743 818 811 ratione
851 743 1035 829 aberravit,
1067 741 1157 817 haec
1176 767 1245 814 non
1265 755 1317 816 est
1340 749 1414 816 eius

293 847 451 918 metricae
472 846 628 915 scientiae
642 845 815 935 *quaedam
839 845 1055 937 perversitas,
1086 848 1146 920 sed
1165 848 1210 920 de
1232 849 1343 920 verbis
1365 850 1414 920 ad

293 958 403 1022 metra
421 948 717 1020 accommodandis
734 971 878 1043 pravum
893 949 1065 1024 iudicium.
1162 1017 1166 1028 ,

395 1155 515 1245 ltaque
533 1163 572 1224 ut
593 1155 709 1247 paucis
728 1150 1036 1248 comprehendam,
1066 1155 1113 1228 sic
1125 1154 1349 1228 iudicabimus
1367 1159 1413 1230 de

241 1265 243 1275 '
292 1259 468 1344 Bentleic,
492 1260 528 1327 in
540 1261 640 1329 rebus
661 1259 826 1328 historicis
845 1260 997 1332 criticum
1017 1282 1094 1330 eum
1111 1283 1181 1328 esse
1203 1263 1413 1353 perfectissi-

293 1386 406 1444 mum;
437 1363 472 1430 in
495 1363 695 1455 scriptorum
718 1371 831 1432 auteur
854 1371 1023 1450 veterum,
1057 1372 1233 1456 poetarum
1254 1368 1413 1453 maxime,

293 1464 528 1536 emendatione
552 1467 744 1558 saepissime
765 1467 908 1536 abusum
929 1490 1000 1537 esse
1019 1466 1145 1536 iudicio
1170 1491 1250 1554 suo,
1280 1471 1329 1537 ita
1358 1478 1414 1538 ta-

293 1593 392 1656 men,
425 1578 464 1639 ut
488 1570 589 1638 etiam
617 1569 677 1638 ubi
701 1579 807 1656 errat,
840 1572 875 1639 in
895 1570 1154 1640 demonstranda
1176 1570 1414 1642 defendenda-

293 1695 363 1764 que
391 1674 551 1741 sententia
575 1695 634 1740 sua
660 1673 863 1742 admirabilis
889 1674 946 1765 sit,
980 1673 1141 1763 denique,
1174 1674 1233 1742 nbi
1258 1699 1338 1745 eum
1363 1677 1413 1745 rei

293 1785 412 1844 nutura
446 1798 487 1845 rc
523 1778 701 1870 necessitas
740 1777 909 1865 quaedam
948 1776 993 1846 ad
1027 1777 1138 1846 solum
1170 1800 1301 1847 sensum
1341 1780 1413 1849 veri

292 1877 490 1970 redegerat,
520 1879 614 1948 nulla
635 1879 761 1952 iudicio
784 1879 946 1950 abutendi
970 1880 1071 1973 copia
1092 1880 1228 1974 relicta,
1253 1883 1411 1954 eximium

294 2001 453 2074 consprcr.

266 2207 296 2271 g·
397 2188 469 2258 Iam
492 2209 574 2258 vero
601 2188 696 2280 quod
723 2188 769 2259 ad
798 2189 867 2260 eius
895 2191 1078 2263 editionem
1104 2189 1256 2260 Terentii
1285 2192 1412 2279 attinet,

293 2291 339 2362 de
359 2315 429 2384 qna
444 2293 540 2382 quod
556 2292 688 2363 adrem
711 2295 886 2364 metricam
900 2305 1029 2387 spectat
1048 2294 1132 2386 qnid
1153 2297 1317 2382 sentirem,
1343 2295 1412 2365 non

291 2418 361 2466 uno
394 2396 474 2466 loco
509 2397 544 2464 in
570 2395 644 2485 his,
683 2421 771 2487 quae
797 2396 841 2468 de
868 2401 982 2468 metris
1012 2398 1147 2491 scripsi,
1186 2399 1412 2491 significatum

293 2501 362 2586 est,
388 2498 433 2569 de
452 2523 493 2568 ea
508 2501 603 2589 quod
618 2523 720 2592 supra
742 2501 918 2588 dicebam,
948 2504 1055 2571 multo
1071 2524 1127 2571 me
1140 2499 1236 2570 aliter
1250 2489 1411 2588 iudicare,

292 2625 395 2692 quam
414 2601 472 2670 Fr.
495 2604 539 2672 Α.
562 2603 746 2684 Wollium,
779 2605 816 2672 id
840 2615 877 2674 nt
898 2629 966 2674 non
986 2609 1056 2675 sine
1078 2605 1206 2672 idoneis
1229 2606 1411 2674 rationibus

282 2703 420 2776 ¹dictum
439 2705 631 2792 ostendam,
656 2730 725 2776 non
739 2707 820 2778 hinc
839 2709 933 2778 illinc
948 2708 1076 2810 aliquid
1093 2708 1290 2798 decerpam,
1316 2709 1411 2799 quod

292 2809 479 2900 quaesitum
503 2810 615 2902 potius
641 2835 729 2895 esse,
772 2835 875 2901 quam
895 2814 985 2880 ultro
1006 2836 1041 2880 se
1064 2811 1225 2880 obtulisse
1246 2812 1411 2897 videatur,

292 2911 353 2982 sed
375 2914 530 3003 prologis
546 2923 621 2980 utar
639 2912 788 2983 Andriae
806 2925 840 2981 et
853 2915 1028 2998 Eunuchi,
1053 2922 1091 2980 ut
1114 2913 1281 2980 eiusmodi
1295 2938 1412 2982 exem-

243 3071 244 3076 ,
291 3016 376 3108 plis,
401 3017 575 3105 inquibus
598 3018 769 3106 aliquanto
792 3015 980 3102 difficilius,
1015 3036 1119 3103 quam
1138 3016 1174 3082 in
1196 3016 1284 3100 aliis,
1314 3017 1413 3106 quod

291 3120 429 3212 peccari
454 3119 617 3210 potuerit,
642 3120 781 3187 inveniri
801 3119 874 3209 quis
895 3119 1090 3211 suspicetur.
1142 3118 1189 3187 Et
1207 3120 1243 3186 in
1258 3119 1411 3190 Andriae
1514 3199 1515 3210 ἵ

290 3221 429 3312 quidem
439 3223 608 3315 prologo,
633 3225 760 3309 fateor,
786 3245 855 3294 non
867 3224 928 3293 nisi
947 3221 1017 3292 duo
1031 3222 1101 3292 loci
1115 3230 1206 3306 sunt,
1231 3223 1266 3289 in
1286 3223 1409 3310 quibus

291 3348 369 3395 eum
393 3327 564 3395 aberrasse
585 3351 606 3395 a
624 3350 705 3396 vero
726 3337 862 3418 putem:
886 3329 1001 3420 plures
1016 3327 1052 3393 in
1072 3325 1222 3417 prologo
1239 3327 1408 3399 Eunuchi.

290 3431 376 3500 Erat
418 3429 449 3498 ei
491 3439 602 3498 autem
638 3439 773 3520 praeter
813 3431 948 3498 solitam
990 3430 1086 3498 illam
1122 3428 1301 3497 audaciam
1343 3431 1409 3498 alia

290 3534 325 3602 in
353 3533 535 3618 Terentio,
586 3533 693 3622 c'aqne
740 3533 869 3623 duplex
916 3531 962 3600 ad
1011 3555 1161 3600 errorem
1206 3533 1409 3623 proclivitas,
1513 3575 1514 3588 ÷

290 3659 385 3723 una,
436 3637 531 3726 quod
573 3637 711 3706 nimium
749 3637 931 3705 festinabat
964 3635 1056 3705 hanc
1102 3635 1310 3722 editionem,
1357 3635 1409 3734 al-

291 3750 386 3832 tera,
438 3739 559 3830 qnod,
609 3764 716 3830 quum
753 3739 813 3823 Fr,
845 3741 988 3808 Hariunr
1021 3741 1260 3826 insectaretur,
1310 3739 1409 3832 cupi-

291 3842 388 3930 dius,
427 3867 515 3933 quac
539 3843 638 3912 huius
668 3844 861 3913 viderentur
883 3844 1127 3936 negligentiam
1158 3865 1319 3935 arguere,
1349 3829 1408 3910 erl·

291 3949 456 4035 quirebat.
513 3947 586 4016 Sed
618 3944 782 4018 accedam
813 3948 860 4016 ad
890 3970 972 4024 rem.
1011 3947 1051 4016 ln
1083 3947 1234 4041 prologo
1260 3945 1408 4017 Andriae

293 4071 323 4118 v.
356 4049 392 4119 9.
426 4049 551 4120 edidit-t

392 4253 596 4326 Menander
607 4256 703 4352 sccii
715 4256 898 4326 Andriam
920 4263 954 4325 ct
970 4255 1204 4326 Perirdhium.

396 4358 457 4453 qai
476 4362 650 4432 momnis
671 4369 770 4433 recte
791 4358 1055 4458 aort„,ambas
1075 4357 1219 4468 amerit.
1246 4403 1248 4408 -
1336 4409 1338 4418 Α
