3120 5030
201 349 319 410 ι·Ρ110
345 347 605 422 ANTIQVITATE
635 345 780 408 OllPllEI
807 343 1029 407 unoculus.
1052 344 1221 405 ALLATIS
1265 349 1304 409 11

190 775 316 843 Dotem
337 796 401 865 pro
405 677 494 842 ,filia
509 773 623 840 datam
642 797 714 842 esse
737 775 885 858 Aeetae,
911 709 1058 840 studiose
1072 793 1198 863 negare
1226 772 1308 844 dicit

190 877 413 970 Apollonium
433 873 606 945 11.1149.

810 993 870 1068 troi
891 1021 958 1122 μιν
980 995 1102 1068 ἔδεκτο

293 1092 438 1220 Αἰήτης
454 1092 624 1221 μεηάρηο,
647 1091 775 1196 κου’ρην
806 1099 851 1170 τέ
869 1103 904 1168 οἱ
928 1091 1128 1190 ἐγγυάλιξεν

292 1193 526 1298 Χαλκιόπην,
553 1195 787 1288 ἀνάεδνον,
770 1193 1140 1297 εὕφροσόνῃσινόοιο.

192 1355 261 1422 Hie
282 1354 429 1444 primum
450 1376 596 1442 quaero,
623 1355 650 1422 si
671 1357 754 1423 alter
778 1354 825 1420 ait
847 1352 961 1421 datam
983 1375 1052 1420 esse
1070 1353 1196 1437 dotem,
1223 1353 1307 1420 ulter

192 1466 313 1549 negat,
340 1479 381 1523 an
403 1467 584 1547 propterea
602 1457 689 1526 alter
710 1459 853 1526 alterum
867 1455 1118 1547 reprehendere
1136 1455 1305 1523 debuerit:

192 1581 320 1649 quaero
340 1561 461 1643 etiam,
494 1572 570 1628 nter
592 1572 703 1628 uuum
717 1558 988 1651 reprehenderit:
1012 1581 1091 1626 nam
1113 1559 1222 1626 verbis
1245 1580 1306 1626 eoa

131 1705 133 1712 ·
191 1685 268 1730 rum
280 1661 364 1730 nihil
378 1662 469 1731 aliud
487 1664 578 1732 effici
595 1664 711 1748 tideo,
761 1685 864 1753 quam
879 1671 936 1730 aut
954 1662 1089 1730 diversis
1108 1683 1167 1730 eos
1187 1671 1307 1728 aucto-

192 1767 284 1833 ribus
308 1765 412 1833 fidem
426 1765 600 1852 habuisse,
626 1775 873 1854 aututrumque
888 1788 979 1853 rem,
1005 1775 1042 1833 ut
1058 1765 1121 1833 sibi
1134 1764 1304 1854 placebat,

192 1857 349 1939 narrasse.
424 1869 496 1937 Sed
526 1871 673 1956 debebat
706 1869 997 1967 Koenigsmannus
1031 1869 1134 1935 aliurn
1178 1866 1311 1938 addere

192 1970 367 2060 Apollonii
386 1969 517 2040 Rhodii
541 1951 674 2059 locum,
706 1973 767 2040 lll.
794 1970 879 2039 176.
902 1971 998 2039 ubi
988 1995 1015 2038 11
1035 1973 1163 2040 Aeeten
1187 1969 1305 2037 dentes

192 2073 356 2170 Draconis
377 2095 445 2141 non
471 2100 492 2142 a
516 2077 660 2160 Phrixo,
691 2085 728 2144 ut
750 2071 895 2212 Orpheo
918 2074 1064 2168 placuit,
1098 2072 1159 2147 sed
1190 2095 1211 2140 a
1231 2071 1305 2140 Μ1

114 2231 116 2236 ,
192 2199 296 2245 nerva
318 2179 488 2268 accepisse
508 2179 691 2248 scribitz'

751 2310 842 2408 πόρε
862 2314 903 2388 δέ
925 2339 1011 2406 σφιν
1035 2314 1153 2385 ἰοῦσιν

296 2413 422 2511 κρείων
438 2403 601 2536 Αἰήτης
599 2409 807 2504 χαλεποός’
790 2441 823 2492 ac
841 2411 977 2486 άεδλον
1001 2407 1152 2493 ὀδόντας

296 2514 460 2592 ’Λσνίοιο
480 2509 694 2641 δηάκοντσς,
722 2513 764 2588 ὂν
778 2511 965 2610 Ωγνμίη·
948 2541 998 2588 ενι
992 2509 1115 2641 Θήβη

294 2613 470 2710 Κάδμος,
498 2616 541 2690 ὅτ
545 2611 758 2742 Ἐὐρώπηη
779 2611 962 2743 διζήμενος
985 2619 1240 2712 εἰςαφίκανεν,

295 2723 429 2814 πέφνεν
437 2773 450 2807 ,
476 2715 668 2842 Ἀρητιάδι
686 2715 794 2816 κρήνη
814 2718 983 2841 ἐπίουρον
1002 2714 1121 2793 ἐόντα.
1264 2723 1267 2734 '

297 2825 402 2896 ἔνθα
404 2821 463 2892 ναὶ
484 2818 662 2917 εὐνάσθη,
690 2849 816 2917 πομπῃ
803 2815 933 2912 βοός,
961 2819 1005 2920 ήν
1029 2848 1064 2894 οι
1056 2816 1253 2896 Απόλλων

166 2957 171 2979 f
297 2923 418 2996 ὤπασε
440 2920 688 3020 μαντοσύνῃσι
702 2918 969 3050 προηηήτειραν
988 2922 1099 2998 ὁδοῖο

295 3054 381 3105 τσος
402 3026 439 3099 δὲ
462 3021 534 3100 θεά
555 3027 726 3121 Ίριτωνίς
749 3023 835 3098 ὑπὲκ
850 3021 983 3147 ηενόων
1000 3024 1178 3111 ἐλάσασα,

296 3123 418 3226 Αἰήτῃ
434 3123 524 3226 πόρε
543 3126 692 3224 δῶρον
672 3129 789 3221 σμοῖς,
816 3124 917 3223 αὐτῷ
938 3157 980 3200 τε
1006 3129 1125 3226 φονῆϊ.
1252 3191 1254 3198 ,

195 3283 294 3352 Nunc
313 3305 393 3351 vero
410 3285 713 3371 rectius'quaerere
734 3281 866 3364 licebit,
891 3293 966 3350 uter
988 3293 1099 3353 utrum
1119 3273 1306 3375 repreben-

197 3386 291 3453 derit.
343 3387 420 3452 Non
445 3409 523 3453 sane
543 3386 745 3475 Apollonius
768 3384 965 3476 Orpheum,
991 3388 1048 3476 qui
1070 3410 1173 3475 quum
1190 3387 1307 3454 dentes

196 3488 350 3556 draconis
368 3513 390 3554 a
402 3487 528 3556 Phrixo
540 3489 672 3557 Thebis
686 3497 888 3579 asportatos,
913 3491 1108 3576 Aeetaeque
1123 3490 1211 3557 dotis
1226 3489 1306 3558 loeo

198 3592 294 3659 datos
312 3615 382 3660 esse
404 3602 584 3675 narrasset,
610 3592 694 3659 nihil
706 3593 882 3672 retulerat,
910 3593 1002 3678 quod
1022 3613 1090 3658 non
1113 3600 1197 3658 esset
1213 3591 1309 3658 -veri-

197 3695 314 3762 simile.
359 3694 421 3763 'Ab
446 3695 633 3784 Apollonio
664 3705 777 3762 autem
796 3691 957 3783 Orpheus
978 3706 1015 3761 ut
1041 3693 1244 3777 discederet,
1273 3695 1308 3762 in

194 3798 268 3887 ipsa
283 3797 460 3888 Apollonii
473 3797 659 3864 narratione
681 3817 829 3866 caussam
843 3797 1031 3865 inveniebat
1046 3797 1121 3864 satis
1139 3797 1306 3866 idoneam.

195 3901 316 3988 Neque
337 3903 426 3968 enim
449 3900 519 3969 hoc
539 3901 754 3990 probabilem
780 3901 850 3968 veri
877 3901 1026 3989 speciem
1056 3899 1178 3984 habet,
1213 3900 1307 3988 quod

194 4004 415 4092 Apollonium
444 4015 486 4071 ut
511 4003 718 4088 ostenderet,
745 4004 920 4092 quomodo
941 4006 1063 4072 Aeetes
1087 4003 1240 4071 dentibus
1263 4005 1306 4069 il-

194 4105 258 4174 lius
278 4106 432 4174 draconis
458 4109 583 4197 potitus
605 4119 708 4191 esset,
741 4118 872 4197 partem
900 4129 1018 4174 eorum
1043 4131 1063 4175 a
1089 4105 1244 4174 Minerva
1273 4105 1305 4173 ei
1313 4112 1354 4173 la
1380 4199 1386 4206 .

77 4263 86 4272 ,
197 4207 312 4276 datam
340 4210 471 4293 scribit,
500 4233 589 4299 quae
614 4233 675 4279 cur
699 4231 766 4276 non
787 4231 902 4276 ornnes
923 4209 1073 4294 Cadmo,
1103 4211 1160 4298 qui
1181 4209 1306 4278 draco-

194 4334 284 4380 nem,
302 4311 495 4398 occiderat,
523 4311 660 4382 dedisse
687 4312 833 4398 (1111111,
869 4314 965 4386 nulla,
980 4315 1064 4390 ratio
1083 4321 1243 4404 apparet,
1268 4320 1307 4386 ut

1527 4325 1529 4395 1
