3078 5026
179 1381 271 1469 nn
344 1379 748 1474 scurronum
826 1370 1304 1494 ovonvurn'mu¹

304 1542 649 1632 unusual
716 1542 1168 1636 nurnnnucn

357 1694 363 1710 '
404 1781 408 1790 ,
454 1707 933 1806 mssnnrnmo
971 1714 1026 1830 t).

176 2266 246 2372 Ex
268 2327 336 2394 quo
360 2315 545 2376 metrorum
567 2306 706 2377 scicntia
735 2305 781 2375 ad
807 2307 912 2376 iustae
933 2305 1105 2375 doctrinae
1129 2303 1320 2378 rationemtt

175 2401 333 2476 revocari
348 2418 471 2499 coepta
494 2418 561 2494 est,
588 2431 629 2477 cx
649 2409 817 2494 omnibus,
843 2411 904 2498 qui
925 2409 969 2476 ad
984 2409 1075 2476 hanc
1095 2431 1166 2476 rem
1187 2409 1296 2476 studia

176 2533 240 2578 sua
264 2511 491 2598 contulerunt,
524 2528 626 2580 nemo
648 2513 678 2580 ei
705 2512 811 2579 maius
830 2511 1089 2596 incrementum,
1120 2533 1197 2578 mea
1219 2511 1297 2599 qui-

178 2611 260 2681 dem
272 2615 450 2700 sententia,
476 2615 601 2702 attulit,
628 2637 730 2704 quam
744 2613 926 2702 Seidlerus,
952 2615 1102 2683 versibus
1115 2613 1296 2684 dochmia-

179 2714 226 2783 cis
255 2717 440 2788 accuratius
472 2705 687 2810 explicandis.
754 2716 840 2803 Alii,
880 2719 1009 2787 maiora
1037 2717 1198 2810 professi,
1239 2715 1296 2786 vel

178 2817 516 2910 plane·destitnerunt
537 2845 640 2912 quarn
664 2821 814 2894 fecerant
836 2845 951 2913 spem,
983 2820 1040 2889 vel
1067 2821 1149 2909 alic,
1191 2837 1296 2911 quam

179 2944 268 3011 quae
285 2925 580 3015 exspectabantur,
614 2925 650 2993 in
671 2927 821 2997 medium
844 2929 993 2995 attulere.
1050 2925 1104 2993 Ex
1127 2923 1296 3015 quibussi

179 3027 239 3114 qui
259 3049 384 3119 nuper,
410 3027 650 3098 recentioribus
671 3030 780 3124 magis
807 3051 910 3119 quam
933 3029 1073 3099 Graecis
1091 3029 1208 3096 litteris
1228 3028 1291 3093 im-

179 3127 271 3214 buti,
304 3131 501 3222 nullamque
524 3133 587 3200 nisi
611 3133 737 3224 ingenii
764 3131 809 3199 ad
837 3141 962 3223 negata
993 3131 1132 3198 animosi
1156 3128 1295 3219 laudem

181 3240 362 3320 sectantes,
386 3257 492 3325 quum
516 3236 692 3325 aequalem
706 3233 836 3327 pedum
854 3256 1044 3302 mensuram
1065 3233 1205 3304 Graccis
1220 3227 1295 3300 vin·

182 3331 296 3404 dicare
320 3347 536 3424 conarentur,
570 3337 626 3408 vel
648 3337 745 3407 editis
768 3335 900 3430 magnis
920 3338 1023 3408 dere
1043 3337 1295 3406 metricavolu-

181 3435 335 3525 minibus,
359 3442 416 3510 vel
429 3443 465 3510 in
480 3439 591 3510 diariis
610 3441 809 3534 quibusdam
832 3443 1032 3511 asseclarum
1051 3445 1186 3507 snorum
1200 3435 1296 3504 rudi-

181 3550 295 3610 menta
318 3544 606 3629 commendantes,
641 3567 776 3613 omnem
804 3544 983 3636 argutaudi
1003 3539 1295 3626 calumniandique

182 3643 366 3715 sollertiam
388 3646 629 3731 adhibuemnt,
662 3655 700 3713 ut
721 3645 925 3713 audientiam
947 3643 1009 3711 sibi
1030 3645 1149 3712 fecisse
1174 3640 1295 3710 crede-

180 3756 313 3834 rentur,
348 3759 501 3819 naturam
526 3769 743 3818 numerorum
770 3749 805 3814 in
828 3745 975 3838 quadam
1000 3746 1148 3837 imagine
1173 3742 1295 3835 imagi-

180 3851 297 3940 nisquc
310 3852 459 3946 imagine
476 3853 622 3947 positam
637 3851 812 3921 ostensuri:
833 3871 895 3918 nos
915 3849 1070 3940 quidem,
1094 3848 1185 3918 hanc
1199 3868 1296 3917 conr-

180 3977 318 4024 munem
336 3957 487 4028 omnium
515 3963 708 4050 reputantes
735 3953 962 4028 doctrinarum
988 3959 1114 4024 sortem
1137 3973 1225 4040 esse,
1258 3959 1295 4022 ut

222 4330 255 4412 r)
276 4330 366 4394 Edita
386 4338 432 4393 ot
457 4349 484 4390 a.
508 4327 600 4398 1816.
