3058 5046
552 350 886 413 nissunramo.
1148 411 1157 427 ,
1210 355 1274 420 1oo

160 531 345 616 congruat,
369 525 433 592 *vix
454 522 610 591 videatur
625 523 768 615 intelligi
786 545 895 614 posse.
934 523 1051 608 Quod
1070 526 1097 593 si
1120 523 1208 614 baec
1227 527 1274 596 ita

159 636 251 712 suut,
276 628 389 718 prima
409 627 443 693 ln
467 625 721 720 interpretandis
740 626 861 695 fabulis
886 627 951 696 illis
967 635 1001 694 et
1021 630 1205 720 praecipua
1217 651 1274 698 re-

159 733 243 824 gula
265 730 355 799 haec
369 753 442 798 esse
458 729 579 815 debet,
605 731 774 798 nomina
798 731 979 798 formam
1005 730 1171 800 habere
1195 755 1275 801 nc·
1369 773 1374 786 =

137 835 320 902 minum
344 833 644 924 propriorum,
680 832 927 902 rimantem
962 841 1003 901 et
1029 833 1274 925 significa·

158 937 319 1004 tionem
361 936 744 1026 appellativorum.
788 936 912 1007 ‚cuins
940 936 1080 1027 regulae
1115 940 1274 1006 observass

158 1041 250 1107 tione
273 1040 322 1108 uti
348 1038 394 1106 de
426 1061 521 1108 sensu
548 1040 685 1108 fabulae
714 1039 874 1128 cuiusque
902 1040 1060 1108 certiores
1089 1039 1273 1127 reddimur,

157 1144 206 1211 ita
233 1165 275 1210 ea
301 1142 403 1211 etiam
425 1142 519 1211 velut
545 1163 613 1210 uno
640 1143 710 1210 ictu
731 1143 975 1224 inextricabiles
1000 1142 1097 1211 aliter
1118 1143 1274 1212 locorum

157 1254 418 1336 temporumque
442 1247 710 1314 conturbationes
738 1244 879 1332 dirimit,
914 1245 1079 1333 siquidem
1101 1245 1158 1315 ubi
1182 1247 1274 1315 idem

159 1370 283 1416 nomen
313 1371 381 1417 non
416 1348 513 1417 utrius
535 1350 618 1419 certi
646 1349 715 1418 loci
737 1347 924 1417 hominisve
948 1369 1072 1416 nomen
1102 1358 1169 1435 est,
1212 1348 1274 1418 sed

159 1451 328 1536 omnium,
362 1471 506 1541 quorum
528 1473 591 1543 par
613 1460 670 1519 aut
688 1451 802 1519 similis
824 1451 973 1522 conditio
995 1451 1109 1536 fuerit,
1136 1473 1204 1519 non
1225 1459 1274 1520 est

156 1557 299 1638 mimm,
323 1555 419 1640 locos
433 1554 624 1645 longissime
640 1555 785 1643 dissitos,
812 1554 1032 1644 hominesque
1047 1555 1159 1623 multis
1180 1565 1273 1646 aeta·

155 1651 247 1724 tibus
266 1657 446 1728 disiunctos
469 1657 591 1726 eodem
612 1659 747 1724 nomine
769 1660 893 1726 vocari.
946 1657 1062 1727 Facile
1082 1667 1194 1726 autem
1220 1658 1273 1724 in-

155 1760 337 1853 telligitur,
363 1783 405 1829 ex
425 1760 493 1830 hac
506 1760 628 1852 regula
647 1761 747 1828 aliam
765 1761 875 1846 nasci,
901 1783 989 1849 qnae
1001 1759 1088 1828 haec
1109 1769 1172 1828 est:
1197 1782 1274 1827 no·
1315 1798 1317 1805 ι

157 1885 252 1932 men
277 1857 389 1932 idem
421 1864 605 1932 diversis
629 1865 758 1932 rebus
784 1864 1012 1949 tributum,
1045 1863 1272 1932 confusio-

157 1989 249 2035 nem
283 1967 583 2048 ‘fabularum3
659 1968 1000 2057 explicationem
1052 1965 1272 2035 diversam
1387 2000 1389 2010 ·

159 2069 354 2138 eiusdem
393 2070 475 2154 rei,
525 2069 786 2136 varietatem
825 2071 1129 2138 narrationum
1168 2092 1273 2159 pro-

89 2259 93 2264 Δ
157 2172 341 2241 duxisse.
391 2171 463 2256 lta,
489 2171 547 2259 qui
567 2190 675 2262 nuper
694 2171 874 2263 diligenter
889 2172 934 2240 de
949 2171 1050 2238 rebus
1064 2171 1295 2261 Aegineticist

157 2276 306 2365 scripsit,
332 2274 409 2342 Car.
429 2274 619 2341 Miillerum
640 2296 745 2362 quum
766 2274 1019 2364 ipsuminsulae
1034 2294 1175 2358 nomen,
1200 2283 1274 2340 tum

155 2387 209 2446 tot
220 2379 336 2460 nrbes,
363 2367 450 2464 quae
472 2379 593 2466 Aegae
615 2375 725 2444 dictae
748 2384 840 2465 sunt,
866 2371 1044 2466 Aegaeum
1066 2397 1176 2459 mare,
1202 2378 1273 2443 Ae-

157 2503 264 2574 gaeus
289 2501 401 2564 mons,
441 2479 626 2569 Aegaeon,
665 2479 820 2569 Aegeus,
854 2479 1056 2570 Aegialeus,
1087 2478 1272 2568 Aegimius,

155 2585 354 2674 Aegyptus,
397 2582 531 2671 aliaque
555 2581 661 2650 multa
679 2581 830 2668 nomina,
862 2584 938 2674 ipsa
959 2580 1103 2670 denique
1131 2582 1273 2672 petulcis

157 2685 355 2754 cornubus
346 2708 536 2775 insurgens,
562 2706 651 2776 qnae
664 2684 782 2752 Iovem
801 2686 971 2754 nutrivisse
985 2685 1108 2770 fertm,
1137 2683 1274 2774 capella

158 2790 345 2857 admonere
364 2796 561 2879 potuerant,
600 2811 644 2856 ne
667 2811 791 2856 aeneae
821 2811 947 2905 caprae
968 2810 1086 2856 caussa
1111 2787 1293 2880 Αἴγιναν·
1371 2855 1375 2863 .

155 2901 248 2964 recte
262 2891 471 2977 Quassatiam
488 2892 574 2961 verti
595 2901 744 2984 negaret.

256 3095 326 3166 Sed
359 3095 540 3166 dicendum
569 3105 618 3164 est
649 3095 795 3184 denique
826 3096 926 3162 etiam
960 3093 1005 3161 de
1039 3093 1272 3176 coniunctione

154 3198 276 3284 harum
308 3200 500 3267 fabularum
523 3221 602 3265 cum
629 3221 709 3266 vera
729 3197 876 3264 historia.
933 3197 987 3264 Ex
1018 3196 1138 3284 quibus
1166 3216 1281 3286 quuma

156 3313 275 3394 aperte
286 3303 473 3372 effloruerit
489 3301 638 3385 historia,
665 3300 806 3370 discerni
820 3298 958 3387 quidem
974 3298 1043 3368 hoc
1063 3308 1175 3390 potest
1185 3322 1271 3367 cer-

154 3406 280 3474 tissimo
298 3405 438 3494 indicio,
464 3405 559 3493 quod
579 3405 743 3497 propriis,
767 3425 835 3472 non
852 3403 1061 3496 appellativis
1081 3402 1269 3469 nominibus

154 3509 275 3594 utitur,
300 3531 428 3597 neque,
455 3508 548 3595 qnod
565 3507 779 3576 coniunctum
792 3528 871 3575 cum
884 3507 951 3572 hac
964 3527 1002 3586 re
1027 3512 1094 3588 est,
1117 3524 1171 3570 res
1187 3525 1270 3593 per-
1334 3577 1337 3582 ¹

154 3622 284 3681 sanatas
311 3611 503 3680 introducit.
554 3610 757 3700 intelligitur
778 3617 889 3676 autem
918 3606 988 3675 hoc
1017 3628 1058 3674 ex
1080 3626 1140 3690 eo,
1174 3603 1275 3694 quod·

153 3716 289 3783 nomina
308 3715 376 3782 iam
398 3713 535 3781 fortuita
557 3721 648 3798 sunt,
682 3735 745 3780 nec
769 3711 832 3778 nisi
855 3731 934 3780 casu
959 3730 1037 3777 cum
1062 3709 1161 3778 rebus
1188 3707 1276 3798 ipsis-

154 3820 365 3890 conveniunt.
417 3816 544 3884 Verum
561 3815 720 3905 quoniam
741 3835 809 3883 non
829 3823 985 3906 repente,
1010 3811 1070 3880 sed
1092 3811 1268 3902 paullatim

153 3922 245 3990 facta
275 3929 323 3988 est
347 3920 437 3990 haec
466 3919 622 3987 narrandi
657 3944 710 3988 res
737 3927 845 4012 gestas
877 3915 1138 3999 commutatio,-
1149 3915 1266 4004 quum,

153 4045 242 4114 quae
276 4023 490 4112 antiquissimi
522 4033 701 4113 personata
731 4019 954 4104 tradiderant,
994 4040 1062 4086 non
1094 4017 1266 4086 intellecto

154 4126 238 4217 quid
262 4125 325 4192 sibi
344 4125 489 4208 vellent,
522 4149 587 4216 pro
607 4128 691 4194 veris
720 4122 841 4194 haberi
862 4124 1066 4214 coepissent,
1095 4133 1129 4189 et
1149 4102 1266 4204 modb,

153 4228 392 4298 luxuriantibus
413 4231 624 4318 poetarum'
615 4229 771 4320 mgeniis,
805 4227 889 4294 mira
905 4234 1179 4294 commentorum
1204 4245 1265 4289 va-

152 4333 270 4403 rietate
284 4340 505 4427 augerentur,
532 4326 636 4403 modo
652 4333 752 4402 etiam
775 4351 853 4400 cum
876 4353 989 4400 rerum
1000 4353 1079 4400 vere
1095 4339 1266 4420 gestarum
