3078 5026
291 353 356 436 ἰοο
394 439 396 448 ,
439 367 498 430 nr.
526 367 683 431 cnoro
712 367 1001 432 rvnnmnvu
1023 367 1255 431 insenum

293 537 369 608 anni
388 537 576 609 discrimine
598 561 619 606 a
638 559 725 608 vcro·
741 541 929 610 aberrantis.
982 541 1015 609 A
1038 559 1108 630 quo
1135 563 1178 607 ne
1197 538 1231 606 in
1257 560 1300 608 eo
1325 539 1404 629 qni·
1517 563 1518 566 ¹

292 643 373 711 dem
395 641 568 711 discedere
592 641 755 728 debebat,
796 643 890 732 quod
911 643 989 724 ille,
1028 666 1132 732 qnum
1152 643 1295 733 scriptor
1316 644 1404 712 vitae
1518 682 1519 729 3

190 806 192 816 ,
293 745 476 838 Sophoclis
497 753 530 811 et
553 744 748 814 scholiastes
771 744 1004 836 Aristophanis
1022 747 1067 813 ad
1090 747 1178 826 Ran,
1193 741 1253 814 75.
1269 745 1315 813 de
1335 745 1403 814 So-

192 867 197 878 ·
291 841 811 940 phocle'sciibant,·Ar'axdlou
836 849 904 938 μὲν
927 843 1099 944 νεώτερος
1120 849 1183 944 ἔτη
1210 842 1401 938 δεκαεπτά,

292 947 496 1048 Εὐριπίδου
513 949 551 1022 δὲ
568 943 800 1045 παλαιότερος
816 951 1098 1045 εἰκοσιτέσσαρα,
1125 960 1282 1018 numeros
1303 972 1402 1019 com-

292 1053 470 1122 mutandos
491 1049 666 1137 iudicavit,
700 1053 794 1139 quod
816 1051 1008 1142 Lessingius
1033 1074 1170 1140 quoque
1192 1055 1227 1121 in
1249 1054 1319 1121 vita
1336 1053 1403 1120 So-

291 1139 426 1248 phoclis
440 1154 544 1238 lecit,
570 1163 607 1220 ut
623 1153 815 1243 Sophocles
834 1155 957 1226 XXlV.
977 1156 1068 1222 annis
1089 1164 1168 1245 post
1181 1153 1404 1246 Aeschylum,

291 1259 399 1327 xvii.
423 1267 499 1325 aute
521 1255 720 1349 Euripidem
741 1266 836 1324 natus
860 1257 1037 1331 diceretur.
1089 1257 1187 1341 Quae
1212 1257 1404 1327 emendatio

291 1359 490 1445 Boeckhio,
529 1362 588 1447 qui
625 1359 788 1449 Aeschyli
821 1361 945 1429 natales
977 1384 997 1427 a
1033 1358 1229 1452 Mnsgravio
1262 1359 1403 1453 Olymp.

291 1465 397 1533 LXV.
414 1485 500 1532 anuo
522 1461 556 1531 1.
577 1461 759 1554 Sophoclis
783 1461 922 1553 Olymp.
939 1462 1061 1534 LXXl.
1087 1484 1173 1530 anno
1191 1461 1225 1530 2.
1244 1464 1405 1554 assignari

206 1559 211 1570 ’
292 1566 584 1651 animadverteret,
610 1588 678 1632 non
698 1565 809 1657 potuit
827 1589 896 1633 non
919 1573 1075 1656 suspecta
1094 1566 1219 1651 videri,
1245 1566 1339 1656 qnod
1359 1568 1405 1635 ita

292 1669 484 1761 Sophocles
498 1668 672 1757 Aeschylo
685 1668 852 1758 posterior
864 1668 980 1737 fuisset
995 1670 1086 1736 annis
1105 1669 1211 1737 XXV.
1237 1669 1404 1759 Euripide

293 1782 403 1840 autem
425 1772 520 1862 prior
535 1771 625 1838 annis
647 1772 721 1840 XV.
754 1771 868 1854 Quare
890 1772 964 1860 ipse
986 1772 1087 1838 aliam
1108 1781 1212 1840 tentat
1233 1772 1404 1842 coniectu-

293 1897 383 1942 ram:
415 1867 600 1961 Αἰσχύλου
621 1873 690 1964 μὲν
711 1866 882 1968 νεώτερος
904 1875 966 1970 ἔτη
992 1868 1212 1960 εἰκοσιεπτά,
1239 1871 1403 1970 Εὐριιιί-
1433 1893 1435 1898 “

294 1981 360 2050 doc
396 1975 434 2048 δὲ
463 1969 705 2069 ’παλαιότερος
733 1975 988 2068 δεκατέσσαρα.
1047 1975 1094 2044 At
1133 1977 1173 2044 in.
1202 1977 1259 2044 tali
1291 1998 1404 2045 mussa

293 2079 356 2148 nisi
377 2077 580 2147 exactissime
602 2077 732 2145 numeri
751 2077 965 2162 conveniant,
996 2078 1091 2166 quod
1113 2102 1156 2147 ne
1181 2081 1217 2146 in
1238 2077 1305 2148 hac
1326 2080 1403 2168 qui-

294 2183 374 2250 dem
390 2180 581 2270 coniectura
599 2181 656 2264 lit,
681 2177 767 2247 nihil
787 2187 915 2250 certum
928 2203 998 2248 esse
1012 2181 1199 2270 putandum
1214 2192 1273 2249 est.
1299 2181 1405 2266 Quod

293 2286 320 2353 si
340 2283 574 2375 Mnsgravinm
594 2303 751 2371 sequare,
782 2282 840 2370 qui
864 2281 1002 2370 quidem
1024 2305 1142 2352 vereor
1166 2307 1208 2352 ne
1229 2283 1316 2354 haec
1336 2307 1404 2352 non

219 2457 222 2466 ,
292 2388 401 2480 magis
429 2408 530 2476 quam
549 2385 740 2476 Lessingius
764 2407 806 2451 ex
828 2385 920 2452 omni
946 2381 1045 2474 parte
1075 2387 1299 2478 perspexerit,
1330 2388 1403 2457 cal-
1470 2477 1471 2480 Ἴ

293 2491 387 2559 culos
405 2499 520 2558 omnes
535 2488 720 2558 verissimos
742 2510 814 2556 esse
825 2488 1012 2582 intelliges.
1054 2490 1162 2562 vHaec
1184 2491 1302 2560 ordine
1316 2511 1404 2560 nunc

292 2609 484 2684 persequar.

395 2799 448 2867 Ac
470 2807 591 2888 sponte
612 2797 823 2890 intelligitur,
848 2820 916 2866 non
938 2801 1060 2868 mirum
1084 2821 1171 2885 esse,
1198 2801 1226 2870 si
1252 2800 1404 2891 plerum·
1519 2819 1520 2888 r

293 2922 360 2990 qne
389 2901 509 2969 certius
534 2911 680 2988 constat,
714 2901 850 2991 qnando
877 2903 999 2972 mortui
1031 2904 1093 2969 sint
1126 2903 1210 2970 clari
1239 2903 1405 2987 hominos,
1519 2899 1520 2918 ¹

293 3027 396 3094 quam
420 3003 661 3092 quando'nati.
711 3005 790 3074 Pari
819 3004 908 3072 enim
934 3027 1049 3072 omues
1064 3004 1266 3072 'conditione
1293 3008 1406 3075 nasci-

294 3131 388 3193 mur,
413 3107 473 3176 sed
493 3129 561 3175 non
575 3107 692 3198 ignota
710 3116 824 3176 manet
838 3129 943 3193 mors,
969 3129 1113 3198 quorum
1132 3107 1224 3176 clara
1245 3108 1308 3175 fuit
1326 3109 1403 3176 rita.

152 3227 156 3235 ·
248 3209 413 3294 2tQuare
430 3233 534 3299 quum
559 3209 604 3282 de
623 3219 732 3280 aetate
754 3210 930 3278 illustrium
953 3212 1103 3280 virorum
1117 3215 1318 3300 quaeritur,
1349 3233 1407 3278 rc·

295 3313 379 3382 ctius
409 3314 610 3404 plerumque
641 3338 662 3381 a
689 3316 804 3382 mortis
832 3323 1004 3404 tempore,
1050 3337 1152 3403 qnam
1181 3338 1202 3381 a
1227 3309 1403 3396 natalibus,
1519 3327 1520 3400 l

293 3416 371 3484 anni
382 3425 604 3484 nmnerantur.
636 3416 735 3486 'Hoc
755 3418 783 3484 si
802 3417 837 3484 in
848 3416 1020 3505 Aeschylo
1033 3426 1164 3501 teneas,
1188 3415 1331 3484 habebis
1347 3437 1404 3482 ra·

292 3521 419 3588 tionem
443 3519 657 3604 facillimam,
690 3519 1006 3612 quadiscrepantia
1027 3520 1229 3608 scriptorum
1253 3517 1403 3612 testimo·
1519 3559 1520 3562 =

177 3647 179 3663 ¹
292 3625 348 3691 nia
370 3624 404 3692 in
425 3623 641 3705 concordiam
659 3621 818 3696 adducas.
858 3621 992 3690 *Mortis
1012 3630 1145 3712 tempus
1165 3624 1209 3690 ab
1224 3623 1404 3690 soloma'r-

292 3749 387 3794 more
399 3726 501 3795 Pario
514 3725 696 3795 indicatum
717 3736 783 3812 est,
810 3723 949 3817 Olymp.
964 3725 1118 3794 LXXXI.
1144 3725 1179 3791 1.
1199 3751 1205 3766 ‘-
1229 3725 1270 3792 ln
1286 3724 1354 3794 hac
1367 3745 1404 3791 re
1519 3781 1520 3824 ρ

292 3829 375 3895 nihil
396 3830 529 3898 ridetur
554 3829 673 3897 erroris
697 3851 776 3896 esse.
826 3829 915 3896 Nam
941 3837 974 3897 et
993 3829 1112 3918 paullo
1134 3835 1228 3912 ante,
1253 3826 1403 3918 ‘Olymp
1519 3871 1520 3876 κ

290 3930 427 4021 LXXX.
446 3931 479 4000 2.
496 3931 670 4002 Oresteam
683 3928 870 4018 Aeschylus
889 3930 1070 4014 ediderat,
1086 3953 1149 4000 nac
1165 3938 1244 4021 post
1259 3929 1401 4021 Olymp.
1519 3975 1520 4032 ρ

291 4031 444 4101 LXXXI.
462 4023 636 4128 quisquam
654 4057 731 4105 eum
743 4033 856 4102 vivum
869 4034 1154 4120 commemoravit,
1179 4054 1244 4104 nec
1258 4033 1417 4122 deniqne

292 4143 361 4218 est,
386 4136 448 4202 nisi
468 4139 593 4208 alienos
609 4139 756 4208 calculos
774 4135 956 4222 adhibeas,
982 4136 1047 4225 qui¹
1061 4137 1127 4205 alio
1148 4146 1304 4228 tempore
1326 4157 1405 4202 eum
1519 4139 1520 4168 .

292 4227 411 4307 obiisse
432 4238 532 4309 dicat.
581 4241 735 4311 Marmor
755 4241 889 4309 Parium
913 4263 990 4308 curn
1018 4239 1120 4315 tradit
1141 4249 1310 4308 mortuum
1333 4259 1405 4306 esse

197 4335 200 4342 ’
293 4362 396 4411 annos
418 4343 673 4412 natum-LXIX.
724 4345 805 4414 Hoc
826 4345 854 4411 si
879 4363 997 4412 verum
1014 4352 1079 4428 est,
1105 4351 1200 4410 natus
1220 4333 1321 4410 fuerit
1342 4363 1405 4428 nee
