3058 5046
439 339 621 410 ΕΣΜΟΣ
640 288 935 410 ,ΜΕΛΙΣΣΗΣ
1182 349 1246 415 256

132 526 171 586 ut
191 539 260 587 ιιοιι
280 487 381 588 etiarh
402 517 530 588 discedi
551 518 735 608 aliquando
761 519 804 588 ab
826 539 871 586 eo
888 517 1002 608 pouit
1052 517 1115 587 Est
1134 529 1254 590 autern

130 621 234 706 ratio,
258 643 361 709 quam
376 620 475 706 dico,
500 621 597 690 haec.
649 621 781 709 Verba,
807 642 895 712 quae
911 620 957 688 ad
974 620 1055 688 alias
1069 644 1123 690 res
1138 632 1246 692 trans-

129 725 299 808 feruntur,
324 745 427 813 quana
446 725 613 812 inquibus
632 725 773 816 propria
788 732 881 811 sunt,
906 745 974 791 non
987 724 1127 814 proprie
1145 727 1246 794 intel-

130 826 272 919 ligenda
288 849 378 927 esse,
410 849 451 896 ex
469 849 511 895 eo
533 836 687 919 apertum
709 837 772 916 est,
798 827 891 917 quod
915 825 1245 917 proprie'intellecta

130 931 247 1021 inepta
270 929 389 997 forent.
439 929 574 1000 Eodem
596 930 720 1017 modo,
746 929 807 999 ubi
830 931 971 1021 propria
992 937 1081 1018 suut,
1107 931 1247 1021 proprie

130 1033 275 1124 intelligi
299 1033 424 1102 debere
446 1042 607 1126 apparete
637 1042 843 1124 repugnaret
865 1033 971 1122 enim,
1004 1034 1146 1123 propria
1165 1056 1246 1121 esse,

132 1145 299 1205 ettamen
321 1157 388 1203 uon
415 1136 572 1226 propria3
609 1137 766 1203 translata
789 1159 878 1224 esse,
919 1145 954 1204 et
976 1144 1090 1203 tamen
1111 1158 1180 1204 non
1200 1135 1246 1204 ad

132 1238 242 1325 aliud,
267 1238 328 1306 sed
352 1237 396 1304 ad
415 1239 593 1330 idipsum,
618 1238 708 1306 unde
721 1238 876 1306 translata
890 1247 1004 1306 essent.
1056 1238 1170 1308 Veluti
1188 1239 1247 1326 qui

132 1342 301 1410 civitatem
319 1349 457 1432 regunt,
482 1350 574 1410 recte
595 1342 668 1428 quis
683 1341 822 1411 civitatis
840 1341 1105 1432 gubernaculum
1123 1341 1246 1433 appel-

131 1444 266 1513 laverit:
298 1443 357 1511 sed
381 1445 471 1511 navis
494 1445 755 1536 gubernatorem
776 1443 834 1531 qui
859 1444 1126 1534 gubernaculum
1154 1444 1245 1517 navis

132 1547 278 1634 diceret,
303 1547 503 1638 ineptissime
522 1547 733 1635 loqueretur,
759 1555 793 1614 et
812 1554 850 1614 ut
871 1546 1015 1640 intelligi
1031 1568 1100 1614 uon
1121 1555 1244 1639 posset

131 1647 181 1718 Vt
191 1651 265 1720 alio
283 1658 316 1717 et
339 1650 447 1740 magis
472 1650 573 1718 etiam
592 1659 709 1740 aperto
731 1648 887 1741 exemplo
911 1658 1002 1737 utar,
1038 1657 1142 1740 caput
1164 1671 1246 1740 par-
1290 1703 1291 1708 1

131 1761 203 1820 tern
216 1751 408 1843 primariam
428 1751 497 1822 dici
515 1754 550 1821 iu
577 1775 634 1838 re,
659 1775 747 1842 quae
769 1751 909 1844 proprie
928 1775 997 1820 ιιοιι
1013 1752 1119 1820 habet
1133 1760 1245 1844 caput,

131 1858 218 1922 iuter
238 1877 354 1929 omues
375 1865 512 1946 constat
563 1856 611 1925 At
631 1857 705 1946 quis
721 1873 834 1940 sanus,
860 1856 896 1924 in
915 1855 1055 1929 homine
1068 1856 1152 1945 quid
1173 1856 1246 1946 pri·
1359 1895 1364 1904 ·

131 1951 276 2028 marium
298 1958 339 2026 sit
367 1960 395 2026 si
416 1959 563 2030 iudicare
584 1959 738 2048 voluerit,
762 1968 801 2026 ut
826 1980 897 2044 cor,
923 1969 980 2028 aut
999 1959 1111 2050 ipsum
1130 1967 1244 2050 caput,

130 2061 168 2130 id
185 2071 289 2152 caput
309 2060 453 2128 hominis
468 2085 538 2130 esse
552 2061 668 2130 dicat?
692 2061 746 2130 Ex
764 2061 818 2128 his
837 2061 1078 2136 evidentissime
1090 2063 1245 2146 efficitur,

132 2157 247 2258 ἑσμόν
262 2161 448 2260 μελίσσης,
474 2163 613 2234 sihaec
630 2164 734 2233 verba
754 2185 817 2253 per
841 2185 876 2230 se
896 2173 1103 2255 spectantur,
1129 2183 1247 2234 neces-

131 2267 220 2344 sario
238 2281 377 2334 examen
398 2287 501 2356 apum
523 2266 731 2357 significare,
765 2266 901 2356 copiam
921 2275 1033 2334 autem
1054 2267 1123 2334 sive
1142 2289 1246 2356 apum

131 2369 201 2437 sive
217 2367 325 2436 mellis
338 2369 527 2459 significare
541 2369 635 2436 nullo
656 2367 761 2436 modo
779 2389 890 2458 posse.
941 2369 1051 2458 quue
1063 2370 1098 2436 in
1111 2369 1247 2458 Epinici

130 2493 231 2540 versu
246 2479 347 2538 tanto·
359 2471 466 2540 miuus
482 2471 555 2538 lieri
576 2480 706 2560 potest,
735 2470 829 2559 quod
850 2491 952 2559 apem
963 2472 1104 2564 proprie
1119 2471 1292 2544 dictamt2

132 2597 205 2644 esse
220 2572 397 2666 epitheton
420 2573 452 2644 ei
473 2574 600 2642 nomini
619 2573 772 2642 additum
792 2572 913 2665 arguit.

235 2775 307 2846 Sed
339 2777 471 2847 dicatur
501 2800 590 2849 nunc
621 2778 667 2848 de
704 2779 810 2848 altera
841 2778 1133 2870 interpretatione,
1179 2803 1247 2868 qua

134 2873 242 2973 ἑσμός
262 2878 427 2977 μελίσσης
441 2880 637 2974 simpliciter
651 2882 719 2950 mel
734 2881 922 2976 significare
941 2882 1072 2958 dieitur.
1124 2883 1164 2952 ln
1177 2884 1248 2954 hoe

132 2983 220 3051 nihil
235 3005 305 3052 esse
320 2983 414 3072 quod
436 2985 641 3075 reprehendi
661 2985 784 3076 possit,
811 2986 919 3054 atatim
940 2987 1124 3054 ostendam.
1176 2987 1246 3054 Sed

133 3087 193 3175 qui
214 3109 289 3154 cam
305 3085 461 3176 protulit,
485 3091 673 3174 Porsenna,
698 3089 778 3158 licet
793 3087 861 3158 hac
878 3090 913 3156 in
930 3102 966 3156 re
986 3111 1055 3159 nan
1078 3088 1247 3178 erraverit,

134 3197 170 3256 at
189 3190 344 3280 peccavit
363 3199 475 3256 tamen
489 3190 524 3257 in
545 3214 603 3280 eo,
629 3191 723 3279 quod
743 3191 936 3279 permiscuit
955 3214 1042 3279 quae
1058 3192 1248 3262 discernere

84 3373 89 3387 ι
133 3290 292 3360 debebat.
342 3292 431 3359 Nam
453 3293 559 3384 ἑσμοί
581 3286 764 3385 γάλακτος,
779 3301 813 3359 et
832 3290 937 3385 ἑσμοί
957 3291 1085 3387 σοφίας
1105 3317 1248 3387 compa-

133 3394 200 3460 rari
219 3395 306 3462 inter
318 3417 355 3462 se
375 3401 549 3485 poterant,
575 3395 654 3484 qnia
674 3403 852 3485 utrumque
866 3393 911 3465 de
929 3398 1030 3487 copia
1042 3398 1169 3468 dictum
1187 3405 1254 3482 est,

132 3497 290 3565 translata
320 3496 365 3564 ad
392 3497 492 3564 aliam
521 3521 593 3566 rem
616 3498 859 3590 significatione
882 3499 1050 3569 vocabuli.
1112 3492 1248 3590 Ἑσμός
1276 3531 1278 3536 v
1315 3585 1317 3592 Ι

132 3598 299 3696 μελίσσης
327 3621 410 3668 vero
437 3601 626 3694 comparari
651 3623 729 3673 cum
752 3601 806 3668 his
830 3623 898 3669 non
920 3611 1050 3693 potest,
1082 3601 1161 3690 quia
1179 3623 1248 3669 nou

133 3703 290 3770 translate
312 3703 357 3772 de
387 3703 506 3794 copia,
549 3703 609 3772 sed
631 3705 771 3795 proprie
798 3703 844 3772 de
869 3705 1020 3772 examine
1049 3703 1248 3794 accipienda

134 3813 210 3872 sunt
233 3803 321 3877 haec
340 3807 455 3878 verba.
507 3806 693 3876 Potuissent
715 3808 924 3898 comparari,
957 3809 984 3874 si
1005 3800 1117 3899 ἑσμόσ
1138 3808 1247 3899 μίλι-

132 3933 198 3988 τσς
215 3908 396 3999 scripsisset
407 3909 578 4000 Epinicus.
630 3900 702 3980 Sed
721 3913 781 3980 etsi
806 3933 874 3979 non
893 3911 1036 3978 distinxit
1051 3908 1139 3980 haec
1159 3912 1248 3978 Pur·
1315 3961 1317 3968 ,

133 4029 254 4096 sonus,
280 4019 393 4080 tamen
413 4013 505 4082 recte
526 4007 640 4106 ἑσμόσ
665 4013 831 4110 μελίσσης
851 4015 921 4082 mel
941 4015 1173 4105 interpretatus
1187 4021 1247 4082 est.
1333 4006 1337 4014 ’

132 4111 223 4180 Nam
243 4118 281 4182 ut
300 4109 420 4206 paullo
445 4107 607 4185 audacior
628 4117 717 4187 haec
735 4117 904 4186 hanalatio
924 4119 984 4202 sit,
1011 4124 1046 4184 at
1059 4117 1144 4186 nihil
1163 4139 1248 4187 con-

132 4214 216 4284 tinet
248 4216 345 4307 quod
374 4241 488 4289 aecum
519 4230 666 4312 pugnet,
706 4228 744 4289 ut
771 4219 878 4288 altera
897 4219 968 4288 illa.
1025 4220 1133 4292 Facta
1158 4220 1247 4288 enim

133 4319 305 4388 translatio
325 4329 392 4408 est,
418 4331 458 4392 ut
482 4343 586 4413 saepe
606 4323 679 4398 aliir
700 4323 735 4391 in
752 4323 871 4414 rebus,
906 4313 950 4393 ab
973 4345 1033 4411 eo,
1058 4322 1149 4406 unde
1164 4320 1246 4412 quid
1333 4325 1335 4328 ’
