3120 5030
410 383 655 448 sunnonrs
686 383 923 447 uournrcr
948 386 1054 448 mss.
1075 387 1111 452 n.
1272 391 1315 455 or
1366 365 1370 374 “

206 575 275 624 mm
289 549 437 626 debebat
455 554 674 626 Thierscbius
688 579 724 648 p.
738 556 824 627 299.
846 559 1025 629 lectionem
1046 567 1234 652 suspectam
1248 557 1316 632 ha·

206 660 299 726 bere.
351 658 411 728 sio
427 659 516 727 enim
528 662 629 730 etiam
642 661 844 752 Apollonius
856 661 1013 730 Rhodius
1027 660 1054 730 1.
1072 661 1182 742 1⁰49.
1200 688 1242 735 ac
1260 687 1316 732 sa·

206 762 247 830 tis
265 781 307 830 ex
326 759 397 846 his,
422 783 510 850 quae
528 762 689 834 haetenus
707 764 964 856 disputavimus,
991 773 1150 856 apparet,
1175 763 1316 836 modum

206 865 302 932 verbi
327 887 367 932 ex
384 865 454 934 loci
476 867 591 956 potius
611 875 745 951 natura,
779 891 882 957 quam
903 890 944 936 ex
970 868 1136 959 particula
1155 871 1316 959 pendere.

193 967 301 1042 ¹Hinc
319 986 418 1060 supra
429 970 630 1063 pronomina
646 969 720 1049 οἶος
740 979 775 1037 et
788 969 871 1051 ὅσος
888 972 1167 1072 commemoravi,
1196 973 1256 1040 ubi
1272 972 1318 1041 de

206 1069 388 1140 indicativo
406 1074 579 1162 agebatur.
632 1071 736 1156 Quod
756 1095 799 1141 ne
813 1074 998 1165 imperitior
1016 1071 1134 1163 aliquis
1151 1095 1210 1144 eur
1223 1075 1318 1143 fece-

206 1173 287 1257 rim,
313 1174 468 1258 miretur,
493 1197 562 1240 non
577 1173 637 1241 abs
652 1175 803 1243 tefuerit
818 1177 980 1261 adiicere,
1005 1196 1106 1268 posse
1120 1176 1178 1243 illa
1188 1197 1319 1269 prono-

201 1275 297 1342 'mina
311 1276 420 1344 'etiam
443 1276 653 1345 coniunctivo
668 1277 782 1369 iungi,
808 1287 846 1346 ut
867 1279 996 1348 iactum
1010 1279 1055 1346 ab
1071 1278 1226 1348 Homero
1249 1279 1318 1350 od.

210 1405 238 1450 ε.
258 1376 344 1446 249.
364 1387 398 1446 et
420 1379 608 1470 Apollonio
620 1379 681 1445 111.
698 1377 785 1446 Sto.

308 1480 491 1551 Videamus
512 1482 658 1571 deniqne
683 1482 800 1576 paucis
825 1482 871 1552 de
888 1484 1055 1575 optativo.
1105 1482 1194 1551 Nam
1214 1491 1318 1572 'quum

205 1605 275 1652 nou
286 1594 470 1680 repugnet,
496 1584 687 1676 comparari
701 1585 784 1675 quid
800 1607 878 1654 cum
903 1609 963 1670 eo,
990 1583 1083 1676 quod
1096 1607 1164 1652 uon
1177 1595 1225 1653 est
1241 1585 1319 1675 qui-
1336 1640 1340 1656 .

208 1686 306 1772 dom,
338 1686 398 1755 sed
419 1696 520 1772 esset,
555 1689 582 1756 si
602 1709 696 1758 casus
714 1689 762 1756 ita
778 1687 896 1756 ferret:
928 1699 1085 1780 apertum
1109 1696 1177 1773 est,
1211 1688 1319 1756 sitali

206 1791 279 1878 quis
301 1792 552 1881 comparatione
572 1799 699 1876 utatur,
731 1792 763 1859 ei
781 1790 1013 1860 adhibendum
1032 1813 1103 1859 esse
1124 1792 1318 1884 optativum.

209 1889 277 1961 0d.
292 1921 315 1964 ι.
332 1892 417 1961 383.
433 1888 501 1987 ἐγώ
518 1889 552 1966 d'
575 1887 781 1990 ἐφύπερθεν
801 1892 945 1992 ἀερθεὶς
957 1893 1096 1982 δίνεον,
1123 1892 1167 1974 oie
1186 1891 1250 1966 ὅτε
1264 1919 1320 1973 τις

207 1995 333 2090 τρυπῷ
356 1990 444 2092 δόρυ
465 1990 568 2092 νήϊον
593 1988 684 2090 α’νήρ
712 1989 894 2092 τρυπάνῳ.
932 1994 1173 2066 ἸἸΊιίεῐεοΙιίιιε
1200 2018 1237 2087 p.
1258 1994 1319 2062 22.

101 2183 107 2188 .
205 2099 373 2166 neminem
397 2101 545 2166 laturum
566 2098 636 2166 hoc
653 2099 771 2166 vitium
794 2109 907 2192 putat,
939 2099 1000 2167 nisi
1019 2099 1077 2188 qui
1100 2099 1212 2166 onmia
1228 2099 1321 2167 licita

207 2223 277 2268 esse
302 2201 364 2269 sibi
377 2203 595 2294 persuaserit.
646 2201 757 2267 Immo
773 2224 854 2269 vero
876 2201 934 2289 qui
950 2210 1113 2269 mutatam
1126 2201 1322 2296 voletopti-

206 2326 299 2370 mam
333 2305 529 2388 lectionem,
568 2302 681 2370 omnia
707 2305 771 2371 sibi
807 2305 911 2373 licere
945 2304 1062 2372 credat
1095 2294 1231 2371 necesse
1261 2310 1321 2369 est.

207 2405 298 2470 Nam
320 2415 380 2472 cur'
401 2405 575 2472 mutetur?
608 2406 663 2472 An
687 2393 767 2491 quia
791 2402 855 2476 ὅτε
877 2427 955 2474 cum
978 2405 1130 2494 optativo
1145 2393 1241 2494 iungi
1261 2427 1323 2470 ne-

208 2505 337 2595 queat?
353 2508 408 2600 'rit
420 2529 522 2597 saepe
543 2505 700 2600 iungitur.
751 2506 806 2574 An
820 2506 979 2594 quianon
994 2507 1029 2572 in
1048 2505 1324 2596 comparatione?

122 2663 129 2678 .
210 2611 268 2680 Sic
297 2618 389 2679 certe
417 2633 453 2704 p.
477 2604 536 2676 29.
573 2609 759 2676 existimare
785 2607 918 2676 videtur
938 2607 1168 2679 Thierschius.
1229 2609 1323 2694 Quid

182 2719 183 2722 ’
209 2735 305 2796 vero,
332 2713 452 2780 solisne
469 2711 647 2801 exemplis,
673 2710 754 2804 quid
770 2711 940 2780 Graecum
955 2712 1012 2796 sit,
1038 2711 1120 2800 quid
1143 2735 1221 2796 uon,
1243 2711 1323 2780 effi-

122 2840 126 2852 ’
208 2815 337 2883 ciatur?
362 2813 540 2902 Hoemihi
554 2815 661 2881 simile
675 2814 823 2909 videtur,
838 2823 887 2881 -ut
904 2815 931 2882 si
941 2815 1013 2903 quis
1029 2813 1192 2906 linguam,
1218 2838 1322 2904 quam

173 2951 175 2956 ·
206 2919 352 3004 nesciat,
384 2921 470 2988 scire
492 2941 528 2984 se
542 2916 648 3001 dicat,
675 2917 702 2982 si
718 2917 850 2986 lexicon
865 2939 979 2986 secum
992 2928 1122 3008 portet:
1149 2941 1250 3006 quem
1266 2941 1322 2984 re-

209 3022 294 3090 ctius
322 3045 440 3106 mann,
456 3057 458 3060 ·
474 3043 576 3111 quam
607 3029 719 3088 mente
747 3030 862 3088 tenere
890 3023 1044 3111 linguam
1067 3020 1201 3089 dixeris:
1242 3043 1322 3086 nam

208 3123 302 3213 qnod
323 3125 358 3190 in
379 3125 503 3214 scripto
527 3147 595 3190 non
622 3123 744 3206 habet,
777 3123 883 3190 habet
906 3145 1078 3211 nusquam.
1129 3123 1227 3191 Absit
1250 3131 1323 3190 tam

209 3248 325 3296 excors
349 3229 513 3312 anxietas,
548 3235 604 3311 ut,
636 3224 729 3315 quod
750 3247 885 3294 necesse
907 3235 957 3293 est
977 3224 1044 3294 dici
1066 3245 1185 3315 posse,
1209 3231 1367 3318 nege-14

206 3352 282 3397 mus
296 3345 395 3421 posse
416 3329 502 3413 dici,
528 3329 590 3396 nisi
606 3327 838 3418 exemplorum
854 3329 955 3421 copia
975 3328 1070 3396 adsit.
1120 3329 1167 3398 Et
1181 3351 1320 3418 quaero,

160 3431 164 3440 '
209 3441 293 3521 quot
307 3433 468 3524 exemplis
481 3455 567 3524 opus
582 3432 631 3500 sit.
683 3432 771 3500 Nam
787 3454 890 3500 unum
909 3432 935 3499 si
956 3441 1022 3514 est,
1050 3431 1176 3522 corrigi
1200 3431 1322 3498 videor

13 3619 17 3632 Ι
207 3535 308 3604 video
330 3551 411 3604 vero
427 3537 527 3603 etiam
541 3535 678 3626 corrigi,
704 3535 730 3600 si
745 3536 899 3627 plurima.
949 3533 1098 3617 Interea,
1131 3533 1259 3615 donee,
1284 3543 1323 3599 ut

13 3671 16 3684 ν
91 3681 96 3692 ·
128 3651 130 3656 '
207 3637 242 3705 in
273 3640 476 3706 testamentis
505 3637 710 3719 condendis,
753 3639 834 3727 lege
856 3637 1068 3704 constitutum
1089 3634 1207 3719 fuerit,
1238 3644 1323 3723 quot

51 3725 84 3818 ,⁶
144 3754 171 3814 J
207 3750 309 3809 testes
329 3742 555 3830 requirantur,
582 3761 649 3830 ego
670 3737 727 3804 uni
757 3739 863 3805 fidem
885 3737 1033 3805 habebo.
1090 3739 1179 3805 Nam
1205 3738 1321 3826 quidni

13 3827 15 3838 ’
210 3843 279 3912 dici
301 3845 424 3935 possit,
449 3851 489 3912 ut
508 3845 539 3912 si
561 3843 638 3936 quis
667 3840 830 3909 cerinum
855 3835 1082 3908 terebraret?
1114 3863 1182 3929 qua
1210 3841 1322 3909 forma

207 3955 312 4036 poeta
331 3957 515 4039 propterea
529 3947 640 4032 utitur,
666 3944 746 4033 quia
759 3945 794 4012 in
806 3953 918 4013 mente
934 3944 1056 4028 habet,
1086 3943 1138 4012 ita
1157 3943 1320 4037 Cyclopis

199 4050 348 4118 *scotum
363 4050 622 4142 torquebamus,
647 4055 830 4140 tamquam
843 4049 874 4116 si
888 4045 1026 4115 trabem
1048 4047 1319 4116 terebraremus.

172 4213 176 4228 ,
206 4153 289 4221 Non
312 4152 415 4222 semel
445 4165 573 4237 autem,
605 4153 665 4218 etsi
698 4151 770 4219 aliis
800 4173 879 4219 cum
903 4147 1092 4243 particulis,
1128 4151 1189 4218 illa
1210 4152 1322 4219 forma

78 4269 82 4280 “
207 4251 285 4330 usus'
303 4265 361 4323 est.
412 4255 453 4322 ll.
463 4264 507 4368 fl.
522 4254 608 4324 ρ(80.
630 4259 666 4325 οἱ
684 4249 718 4326 d'
740 4250 801 4348 ἄρ’
822 4255 921 4334 ἴσαν,
948 4249 992 4332 o‘c
1008 4253 1044 4324 εἴ
1061 4281 1102 4328 τε
1117 4253 1203 4348 ’πυρὶ
1220 4245 1321 4342 χθων

152 4426 159 4442 ,
209 4359 310 4432 πᾶσα
328 4359 489 4451 νέμοιτο.
542 4363 574 4432 λ.
591 4353 676 4424 389.
698 4352 762 4429 οὖν
780 4353 912 4452 ἀλέγω,
940 4353 984 4435 oie
1000 4357 1093 4448 εἴμε
1109 4347 1321 4451 pontificios
