3080 5054
259 1291 339 1494 lon
369 1356 816 1484 ,consensione
852 1293 1381 1494 nnnnnnocnnvn

422 1603 432 1626 ,
571 1519 971 1610 TnAc1cAnnn
1006 1519 1066 1633 t).
1111 1625 1115 1630 ,

235 2086 329 2191 sEx
351 2127 422 2192 lam
442 2115 569 2214 ingenti
592 2145 732 2191 numero
758 2119 1028 2213 tragoediarum,
1052 2115 1153 2212 ⁸qnae
1177 2120 1320 2191 Athenis
1343 2129 1378 2190 et

259 2224 405 2316 scriptae
428 2223 509 2293 olim
532 2233 565 2295 et
586 2225 697 2294 editae
718 2234 809 2310 sunt,
835 2234 905 2294 tam
920 2249 1046 2318 paucas
1067 2224 1173 2298 hodie
1186 2225 1378 2318 superstites

206 2399 209 2424 Ι
259 2327 443 2415 habemns,
483 2337 522 2396 ut
549 2352 655 2418 quum
688 2330 841 2398 universe
876 2328 920 2396 do
946 2329 1125 2422 tragoedia
1154 2328 1377 2414 Graecorum,

258 2440 332 2500 tum
346 2431 391 2500 de
411 2431 620 2526 singularum
630 2434 777 2524 partium
789 2433 1051 2525 proprietatibus
1072 2431 1221 2502 iudicare
1237 2431 1378 2501 diflicil-

258 2535 378 2604 limum
399 2537 450 2605 sit.
504 2535 618 2622 Quare
634 2537 717 2606 licet
740 2559 781 2606 ex
801 2537 930 2625 aliquot
951 2537 1042 2604 arinis
1060 2544 1094 2603 et
1108 2535 1201 2627 apud
1214 2543 1378 2604 nostrates

260 2645 295 2707 et
314 2637 407 2730 apud
424 2646 553 2707 exteros
568 2640 631 2708 viri
648 2639 741 2711 docti
757 2642 911 2710 certatim
926 2640 1034 2710 studia
1048 2662 1109 2707 sna
1123 2639 1168 2706 ad
1184 2637 1255 2710 hoc
1268 2661 1378 2732 genus

192 2727 199 2738 ’
259 2739 447 2832 scriptionis
467 2743 746 2812 considerandum
769 2752 870 2832 atque
899 2741 1138 2834 explicandum
1168 2743 1379 2828 contulerint,

259 2852 374 2912 tamen
394 2865 463 2912 non
485 2853 536 2912 est
552 2847 691 2931 mirum,
717 2845 824 2915 multa
845 2843 960 2914 adhuc
984 2869 1071 2932 esse,
1107 2845 1297 2933 dequibus
1320 2853 1380 2914 aut

260 2967 329 3014 non
344 2946 386 3014 sit
400 2947 555 3032 omnino,
581 2957 727 3016 autnon
749 2948 825 3014 satis
847 2955 1003 3015 accurate
1025 2945 1247 3036 disputatum:
1273 2968 1382 3043 praef

262 3049 376 3118 sertim
385 3073 498 3140 quum
517 3050 574 3119 alii
593 3051 639 3119 ed
659 3073 699 3119 ea
713 3049 921 3142 potissimum
943 3046 1134 3132 attendant,
1159 3069 1248 3137 qnae
1267 3049 1380 3139 quivis

162 3151 164 3155 ’
261 3153 363 3224 etiam
379 3152 449 3221 sine
472 3153 629 3247 diligenti
641 3156 743 3223 totius
759 3153 809 3223 roi
824 3151 1108 3244 pervestigatione
1121 3151 1270 3224 invenire
1293 3175 1381 3244 pos-

261 3256 321 3340 sit,
353 3255 412 3324 elii
436 3265 555 3325 vautent
584 3257 682 3327 unice
710 3259 745 3326 in
771 3257 931 3326 sermonis
957 3278 1018 3322 nsu
1045 3255 1243 3324 illustrando
1270 3277 1378 3326 occu-

261 3368 403 3450 pentur,
429 3358 487 3448 qni
503 3360 591 3446 fere,
618 3361 700 3429 dum
712 3360 830 3430 sedulo
846 3359 1002 3451 exempla
1017 3359 1179 3449 exemplis
1194 3359 1378 3446 cumulant,

261 3461 438 3531 nommllas
450 3464 573 3549 bonas,¹
598 3463 760 3553 plurimas
776 3465 875 3532 etiam
888 3463 1000 3530 inanes
1013 3462 1148 3552 regulas
1170 3463 1378 3554 confingunt.

145 3557 147 3564 ’
245 3565 419 3650 cuorum
440 3566 549 3634 neutri
567 3561 645 3636 mea
664 3567 826 3638 sententia
846 3566 933 3637 illud
953 3565 1029 3634 satis
1050 3566 1289 3652 meminerunt,
1323 3565 1380 3633 di-

305 3880 337 3961 t)
359 3879 446 3943 Edita
454 3899 458 3926 ³
469 3892 514 3944 est
540 3902 567 3948 a.
591 3879 682 3950 l8l9·
724 3884 768 3945 De
790 3885 917 3964 trilogiis
937 3885 1079 3963 Aeschyli
1105 3883 1225 3968 prolixo
1246 3881 1384 3967 disputa·

265 3975 330 4026 tum
350 3977 396 4026 est
414 3990 433 4028 a
453 3968 612 4029 Welckero
633 3970 666 4027 in
684 3968 763 4054 libro
788 3991 876 4050 quem
899 3971 936 4030 de
958 3971 1102 4051 Aeschyli
1122 3971 1241 4049 trilogia
1257 3970 1383 4028 Prome·

263 4047 335 4128 tlaea
348 4051 485 4132 scripsit,
514 4054 592 4114 etin
608 4055 778 4134 appendice
796 4057 859 4114 eius
881 4055 967 4133 libri,
990 4078 1079 4137 quam
1100 4057 1195 4118 edidit
1216 4063 1251 4114 ut
1263 4053 1382 4133 prioris

183 4213 187 4226 ,
263 4133 506 4198 libricensuram
534 4160 624 4218 quam
648 4140 756 4224 scripsi
784 4141 944 4204 aciutarete
973 4141 1011 4203 de
1034 4162 1093 4222 qua
1116 4140 1283 4223 appendice
1308 4137 1383 4221 quid

266 4218 423 4294 sentirem,
461 4222 530 4283 'dixi
556 4228 588 4284 in
610 4224 712 4285 diariis
743 4225 897 4290 litterariis
922 4226 1128 4310 lipsiensibus
1158 4248 1185 4292 a.
1217 4229 1313 4296 1827.
1340 4245 1382 4286 m·

265 4301 458 4368 lanumfol
483 4311 676 4376 13.14.15.
716 4343 724 4356 „
1378 4339 1381 4346 ’
