3120 5030
536 427 539 434 Ι
572 333 894 398 mssnnusrro.
1176 299 1192 318 ““
1248 338 1293 406 st

182 505 323 576 tendere
343 512 481 576 conatus
506 514 556 576 est
582 529 701 579 censor
726 508 879 578 editionis
900 505 1123 592 Schdtaianae
1141 508 1176 580 iu
1197 507 1291 585 lliar.

180 611 310 684 lenens.
329 608 441 678 1813.
455 633 569 680 mense
582 609 723 682 Octobri
736 635 774 704 p.
785 611 870 680 llt.
919 611 992 696 Sed
1007 611 1066 684 hic
1077 615 1130 682 vir
1140 612 1293 683 noudum

183 737 277 798 earn,
311 735 414 802 quarn
433 713 535 797 velis,
568 737 647 784 curn
668 715 842 804 Aeschylo
874 715 1007 786 uidetur
1032 715 1292 786 familiaritatem

181 818 394 888 contraxisse.
447 816 663 909 Glasgnensis
679 817 816 907 quidem
831 816 955 900 editor,
980 828 1018 888 ιιι
1030 817 1119 889 mec
1133 819 1293 890 damnare

181 920 347 1005 debebat,
387 919 435 987 ita
459 941 526 988 non
557 921 721 1006 debebat,
754 921 904 990 Piersoni
933 932 1044 992 motu
1074 920 1224 1007 iudicio,
1256 923 1292 990 in

180 1024 324 1094 Eumen.
351 1045 382 1089 v.
399 1020 511 1114 1⁰17.
536 1026 642 1092 verbo
657 1023 882 1110 ἐπιδιπλοῖζω
898 1046 1003 1094 uncos
1016 1045 1199 1116 apppnere.
1220 1023 1294 1096 Sed

181 1127 313 1219 saepius
326 1124 384 1193 ille
397 1125 497 1211 alios,
522 1149 586 1198 nec
601 1148 736 1218 semper
752 1126 840 1194 lidos
861 1126 963 1196 duces
982 1129 1140 1217 sequitur.

281 1277 353 1346 Sed
371 1288 409 1346 ιιι
430 1277 591 1348 addendo
619 1286 799 1373 peccatum
823 1287 871 1348 est
894 1279 987 1370 apud
1008 1278 1217 1371 Aeschylum
1237 1303 1295 1349 ra-

181 1378 264 1466 rius,
295 1382 341 1448 ita
365 1381 646 1472 frequentissime,
680 1384 856 1471 multoque
879 1384 1030 1475 saepius,
1064 1407 1167 1472 quam
1189 1383 1295 1456 critici

181 1484 501 1572 animadverterunt,
528 1497 672 1554 erratum
689 1495 738 1554 est
762 1485 959 1554 omittendo.
1011 1485 1113 1554 Cuius
1127 1486 1175 1574 ¹rei
1190 1509 1296 1575 quum

179 1586 326 1676 plurima
350 1589 476 1677 possim
507 1589 662 1680 exempla
683 1589 857 1682 proferre,
901 1589 1018 1680 paucis
1049 1598 1176 1657 tantum
1208 1598 1294 1673 utar,

182 1700 363 1776 quaesunt
385 1693 569 1780 eiusmodi,
593 1703 631 1761 ιιι
648 1693 786 1783 reponi,
812 1692 907 1781 quod
924 1692 1080 1770 omissum
1101 1701 1168 1778 est,
1192 1713 1295 1785 posse

178 1792 340 1860 videatur.

280 1897 359 1964 Mos
375 1909 424 1966 est
435 1898 660 1992 tragicomm,
682 1920 796 1967 uersus
817 1897 903 1965 iuter
921 1896 1153 1988 colloquentes
1169 1903 1339 1989 perso-lt)

179 2020 239 2066 nas
262 2001 394 2088 aequali
416 2002 495 2094 lege
517 2002 732 2086 distribuere,
758 2025 821 2070 nec
837 2000 898 2070 nisi
916 2012 972 2069 ant
990 2001 1026 2068 in
1049 2001 1161 2086 initio,
1186 2000 1294 2069 autin

178 2101 247 2170 fine
262 2103 319 2169 uni
332 2127 495 2192 personae
517 2106 649 2195 plurcS,
675 2128 777 2194 qnam
795 2104 910 2188 alteri,
935 2127 1047 2172 versus
1071 2103 1162 2172 dare.
1222 2101 1294 2172 Sed

178 2205 307 2273 faciunt
318 2204 389 2275 hoc
404 2209 505 2275 etiam
517 2209 550 2274 in
564 2207 678 2275 medic
693 2207 884 2294 colloquio,
910 2207 958 2273 ibi
972 2205 1120 2295 quidem,
1146 2206 1206 2273 ubi
1219 2229 1295 2273 ma-

177 2307 264 2374 teria
285 2309 447 2397 colloquii
470 2320 636 2391 mutatur,
667 2303 709 2377 ut‘
725 2309 818 2399 quasi
845 2331 968 2376 novum
991 2307 1118 2376 institui
1143 2307 1296 2374 videatur

179 2409 403 2497 colloquium.
454 2411 572 2498 ltaque
586 2411 734 2498 aliquam
750 2411 911 2476 rationem
935 2409 1040 2477 habet
1054 2411 1149 2478 locus
1160 2410 1195 2475 in
1208 2409 1296 2476 Pro-

178 2511 322 2580 metheo
347 2537 376 2580 ι.
400 2511 486 2580 623.
509 2514 568 2582 ubi
583 2536 687 2602 «quam
707 2511 929 2580 Prometheus
953 2522 987 2578 et
1005 2512 1043 2578 lo
1060 2511 1197 2602 singulis
1219 2533 1297 2580 ver-

179 2615 273 2684 sibus
305 2616 537 2695 altemassent,
568 2617 612 2684 de
632 2614 840 2684 Prometheo
870 2614 1122 2703 colloquentes,
1154 2614 1221 2682 iam
1242 2613 1295 2698 Io,

181 2709 231 2787 de
246 2719 287 2786 'se
311 2741 498 2788 sennonem
522 2720 698 2804 iniectura,
734 2717 865 2785 duobus
890 2719 1038 2786 versibus
1053 2717 1295 2786 Prometheum

180 2821 383 2911 alloquitur,
426 2823 723 2914 progredientibus
756 2821 880 2890 deinde
907 2843 971 2912 per
1001 2820 1151 2912 singulos
1181 2843 1294 2890 versus

122 2957 124 2966 ¹
177 2925 322 2994 vicibus.
367 2949 369 2955 ’

284 3029 359 3103 m
385 3027 445 3100 ναὶ
463 3023 551 3132 πρός
567 3057 606 3121 γι
622 3021 769 3108 audacte
766 3029 900 3152 'cippo
926 3025 989 3148 τῆς
1005 3026 1091 3119 ἐμῆς
1108 3017 1243 3120 πλάνης

387 3135 522 3219 δεῖξον,
549 3131 603 3210 τίς
616 3133 721 3204 ἔσται
735 3159 779 3226 τη
766 3122 1013 3222 ’ταλαιπώρῳ
1026 3121 1164 3221 χρόνος

284 3237 367 3306 ΙΙΡ.
385 3229 431 3308 ud
451 3261 501 3330 μη
493 3227 656 3326 μαθεῖν
681 3259 740 3306 σοι
761 3238 925 3323 actiacos
947 3229 1120 3325 ημαθιῖν
1141 3222 1240 3302 adds.
1319 3263 1321 3266 ·

199 3426 205 3439 ‚
283 3338 359 3410 m
385 3330 851 3436 μήτοιμεκριῖψῃςτοῦθᾏ
877 3330 1097 3428 ὅπερμέλλα
1112 3338 1260 3406 παθεῖν.

180 3485 253 3557 Sed
272 3499 454 3579 utcumque
478 3490 567 3560 haee
591 3488 830 3571 defendantur,
863 3487 1037 3576 responsio
1064 3483 1203 3574 puellae
1228 3503 1296 3550 non

180 3592 257 3659 satis
279 3595 456 3662 convenire
473 3592 607 3664 videtur
625 3614 701 3660 cum
725 3613 786 3675 eo,
812 3589 906 3677 quod
919 3585 1141 3655 Prometheus
1158 3585 1296 3652 dixerat

180 3696 269 3764 Nam
290 3719 395 3786 quum
417 3697 585 3788 particula
612 3689 726 3789 μήτοι
748 3689 975 3762 concludentis
997 3690 1057 3774 sit,
1093 3689 1296 3758 emrtrarium

182 3801 418 3890 potiusquam
440 3799 546 3884 illud,
581 3796 675 3886 quod
700 3795 796 3874 dicit,
831 3791 1037 3864 ottrtcludere
1055 3791 1223 3872 debebat,
1255 3799 1293 3858 ut

181 3903 302 3972 rectius
331 3904 537 3972 adversativa
564 3901 732 3993 particula
760 3921 861 3968 usura
890 3897 1008 3974 fauerit,
1045 3888 1137 3965 α’λλα
1161 3921 1218 4014 pq
1246 3919 1295 3986 με

182 3997 320 4102 κρύψῃς
338 4005 466 4088 ταῦθ’,
493 4033 584 4102 ιιιιρ
610 4007 727 4096 μέλλω
753 4008 898 4074 παθεῖν.
952 3998 1041 4066 Vide
1062 4019 1144 4064 vero
1174 3998 1295 4066 ndaam

182 4108 228 4176 ad
243 4108 336 4180 hunc
350 4111 465 4180 locum
488 4110 688 4178 scholiastae
706 4105 973 4174 adnotationem:
1007 4103 1150 4192 λέγουσι
1173 4097 1294 4185 didm,

183 4241 206 4282 α
192 4209 278 4285 δεῖ
286 4213 477 4306 γενέσθαι,
505 4213 623 4285 ταῦτα
646 4210 704 4283 καὶ
717 4202 948 4307 γενήσεται
968 4205 1066 4290 Quae
1087 4203 1170 4292 quid
1190 4200 1295 4282 aliud,

182 4315 408 4438 quemfecit,
445 4324 483 4386 ut
511 4316 673 4407 suspicari
706 4312 905 4395 debeamus,
939 4298 1163 4493 inthrpzretem
1183 4307 1296 4386 atum,
