3078 5026
265 311 329 380 lot
413 307 474 372 DE
500 306 660 372 cuono
689 304 975 372 nvntsulcvn
995 303 1228 368 luscum

263 483 406 569 suimus,
439 488 518 576 post
543 479 685 570 Olymp.
713 477 853 548 LXXX.
883 476 919 546 2.
946 496 1018 567 qno
1041 485 1198 569 tempore
1224 485 1302 550 acta
1329 486 1382 548 est

265 585 430 671 Oresten,
454 591 595 676 poetam
616 601 728 652 rursus
748 581 783 650 in
805 579 956 650 Siciliam
977 583 1170 674 profectum
1185 605 1275 667 csse,
1291 581 1381 671 -quia

263 689 462 781 tertiopost
477 687 573 756 illum
593 685 840 779 profectionem
856 699 963 770 anuo,
988 707 1095 774 quum
1115 707 1219 754 annos
1236 684 1382 754 haberet

263 793 371 863 LXV.
401 791 446 860 ab
473 811 517 860 eo
542 791 707 881 scriptore
733 795 882 856 mortuus
915 788 950 858 in
982 788 1099 859 Sicilia
1127 811 1198 858 esse
1226 787 1379 856 traditur.
1469 809 1486 828 *-

264 896 356 966 Hinc
380 893 597 986 intelligitur,
625 893 662 960 in
682 890 736 960 lris
762 912 916 981 quoque,
956 913 1045 981 quae
1067 891 1102 958 iu
1127 892 1195 961 vita
1214 890 1381 982 Aeschyli

264 999 311 1068 de
343 997 459 1068 Siculo
496 997 560 1065 isto
589 996 708 1064 itinere
736 996 861 1086 scripta
899 1003 992 1080 sunt,
1046 993 1176 1065 diversa
1211 1002 1379 1086 tempora,

263 1102 479 1190 diversasque
505 1101 728 1183 narrationes,
768 1104 802 1165 et
832 1099 941 1188 magis
979 1096 1098 1184 etium,
1131 1119 1245 1188 quam
1277 1108 1381 1189 putu-

263 1202 380 1289 batur,
406 1203 559 1274 nouimus
577 1225 660 1272 esse.
718 1201 806 1270 Nam
833 1209 967 1291 praeter
989 1201 1085 1286 illos,
1118 1203 1177 1291 qui
1197 1199 1381 1294 Olympia-

264 1305 345 1376 'dem
384 1305 481 1376 LXX
525 1313 560 1374 ct
604 1304 758 1394 collapsa
800 1303 951 1372 tabulata
988 1314 1272 1390 memoraverunt,
1326 1303 1383 1372 alii

262 1409 298 1478 in
317 1409 469 1481 Siciliam
488 1407 683 1500 profectum
704 1428 775 1474 esse
794 1404 1004 1495 Aeschylum
1032 1406 1182 1476 dixerant
1204 1408 1251 1476 ob
1270 1407 1382 1478 ricto-

254 1512 348 1582 'riam
360 1511 567 1596 Simonidis,
591 1533 680 1600 quae
701 1509 848 1600 pertinet
867 1509 913 1578 ud
935 1509 1075 1600 Olymp.
1091 1509 1248 1578 LXXIII.
1272 1509 1307 1578 1.
1325 1509 1382 1578 alii

262 1617 310 1686 ob
341 1616 516 1686 victoriam
547 1612 753 1707 Sophoclis,
798 1635 819 1680 a
854 1635 923 1701 qno
957 1623 1129 1704 superatus
1160 1622 1211 1681 est
1239 1611 1380 1704 Olymp.

261 1717 435 1788 LXXVII.
456 1715 494 1792 4.
521 1717 579 1785 alii
600 1717 746 1805 denique
768 1716 815 1783 cb
838 1715 999 1784 invidiam
1028 1725 1061 1784 et
1082 1717 1193 1800 litem,
1225 1716 1280 1787 cui
1306 1715 1382 1785 Etr-

261 1820 411 1892 munides
439 1842 554 1890 arrsam
581 1819 762 1902 dederant,
808 1839 897 1906 qnae
928 1841 982 1888 res
1014 1819 1174 1888 incidit
1165 1841 1200 1887 ιιι
1240 1818 1381 1911 Olymp

262 1924 400 1994 LXXX.
427 1922 461 1990 2.
488 1922 546 1991 Ad
567 1919 657 1991 hanc
670 1929 878 2013 postremam
894 1921 1138 2029 narrationem,
1163 1945 1308 2012 eamque
1323 1945 1382 1992 so-

262 2027 352 2112 lam,
377 2025 522 2119 quadrat
538 2025 644 2111 illud,
680 2023 775 2115 quod
795 2023 894 2092 tertio
916 2007 997 2116 'post
1021 2047 1110 2094 anno
1136 2034 1287 2095 mortuns
1301 2047 1381 2096 esse

263 2129 394 2216 dicitnr.
446 2128 548 2200 Sed
538 2151 573 2197 ιιι
592 2127 756 2218 Aeschyli
781 2126 976 2213 titubate,
1003 2147 1109 2218 quum
1131 2151 1151 2198 e
1178 2130 1275 2198 variis
1296 2130 1382 2199 sori-

153 2275 157 2282 ,
261 2233 414 2325 pton'bus
435 2230 595 2301 adnotata
609 2240 736 2316 essent,
760 2230 796 2297 in
810 2252 915 2301 ιιιιιιιιι
926 2239 1080 2300 tenorem
1097 2232 1276 2304 coniuncta
1288 2241 1382 2302 sunta

261 2359 350 2426 quae
367 2336 395 2404 si
412 2333 555 2428 singula,
580 2357 649 2424 qno
666 2333 854 2427 pertinent,
879 2334 1023 2421 referas,
1048 2358 1129 2406 vera
1141 2344 1239 2406 erunt
1251 2337 1382 2416 omnia3

259 2440 309 2508 sin
326 2440 392 2522 sic,
424 2445 462 2507 nt
480 2439 530 2508 ibi
550 2460 700 2508 connexa
723 2445 817 2525 sunt,
853 2438 1004 2529 probare
1024 2439 1139 2527 voles,
1172 2439 1258 2508 nihil
1281 2440 1318 2510 in
1342 2439 1381 2508 iis

260 2542 410 2635 reperies
434 2541 506 2610 veri
531 2539 581 2632 ¹⁸¹).
1362 2571 1366 2578 ·

362 2743 433 2814 Sed
462 2742 561 2814 venio
585 2763 674 2814 nunc
697 2743 741 2812 ad
772 2743 924 2814 nltimam
952 2745 1124 2816 Boeckhii
1145 2747 1381 2836 abiectionem,
1522 2805 1523 2838 ,

260 2845 401 2938 Olymp.
423 2845 567 2918 LXXX.
585 2846 621 2914 2.
646 2848 771 2936 inquit,
797 2847 1004 2919 Eumenides
1026 2850 1062 2918 in
1082 2850 1136 2917 luis
1159 2851 1281 2918 fabulis
1302 2852 1382 2920 fue·

260 2960 354 3036 runt,
389 2949 509 3041 quibus
537 2957 610 3017 tum
641 2949 832 3038 Aeschylus
863 2953 1039 3023 victoriam
1068 2961 1291 3041 consequutus
1313 2963 1382 3022 aste

258 3054 373 3143 itaque
403 3073 471 3122 non
500 3061 683 3144 potuerunt
710 3053 772 3121 illo
804 3063 960 3146 tempore
994 3055 1197 3124 Eumenides
1229 3077 1382 3124 caussam

260 3159 294 3227 ei
318 3157 559 3246 relinquendae
581 3156 711 3249 patriae
727 3158 902 3247 praebere.
952 3158 1055 3231 Esto:
1080 3157 1268 3228 concedam
1291 3160 1381 3228 enim

260 3261 437 3350 tantisper:
472 3259 658 3348 quidinde
682 3260 922 3349 consequitur?
947 3261 1082 3352 Nempe
1102 3262 1190 3347 hoc,
1217 3262 1315 3330 aliam
1333 3263 1380 3333 ob
1522 3335 1523 3358 1

212 3377 414 3442 zaceussam
434 3363 469 3430 iu
492 3361 644 3431 Siciliam
664 3385 741 3432 eum
769 3365 896 3433 abiisse.
948 3365 1037 3432 Nam
1059 3365 1104 3432 de
1127 3366 1219 3434 facto
1242 3364 1380 3454 quidem
1522 3359 1523 3384 ¹

187 3529 189 3540 .
260 3476 398 3540 constat.
445 3464 625 3546 ,Victorem
644 3465 705 3535 illo
729 3489 817 3535 anno
841 3491 882 3537 ea
901 3466 1081 3560 tetralogia
1096 3465 1302 3539 didascaliae
1318 3465 1381 3537 de·v
1522 3487 1523 3508 ¹

260 3661 468 3678 m

303 3779 333 3856 *)
355 3775 553 3837 Schneiderur
579 3777 612 3838 in
632 3778 684 3838 illa
707 3795 797 3856 quarn
819 3795 911 3858 snpra
939 3774 1004 3839 diri
1024 3779 1211 3859 praefatione
1232 3780 1380 3860 concedit,

122 3887 124 3892 ’
261 3861 381 3941 saepius
402 3863 434 3922 in
455 3863 556 3922 Sicilia
583 3863 676 3923 fuisse
698 3861 894 3943 Sophoclem.
930 3864 984 3924 sed
1006 3884 1083 3944 quae
1104 3865 1142 3924 de
1169 3866 1297 3944 οιιιιιὶι,
1326 3878 1385 3928 cur

284 3946 390 4006 atrium
410 3947 584 4026 reliquerit,
614 3947 732 4008 diversa
753 3955 933 4024 narrantur,
964 3969 1024 4028 pro
1046 3948 1186 4012 inanibus
1207 3952 1380 4014 commentis
1522 3949 1523 4006 Ῐ

260 3968 363 4096 Xabet.
405 4029 474 4090 Nou
494 4033 639 4111 refragor,
663 4029 809 4112 quitatis
830 4031 955 4093 habeam
977 4033 1216 4116 demonstrasse,
1237 4058 1387 4104 noneste
1522 4099 1523 4104 ,

259 4114 346 4174 illum
368 4116 459 4175 semel
479 4119 628 4178 tantum'
617 4139 650 4176 ιιι
672 4117 801 4178 Siciliam
824 4118 1004 4198 proiectum,
1026 4119 1078 4181 sed
1101 4125 1231 4202 saepius,
1255 4143 1382 4184 ιοιιιιιι-
1522 4119 1523 4132 ’

261 4219 321 4280 que
344 4199 485 4260 itinerum
505 4211 640 4284 tempora
661 4223 700 4262 cx
719 4204 756 4264 iis
779 4204 909 4303 caussis,
936 4205 976 4268 ob
1004 4223 1079 4288 quas
1098 4206 1207 4270 illuc'
1197 4209 1289 4272 ruisse
1311 4213 1383 4271 euru

262 4284 384 4368 quidam
406 4285 598 4348 crediderunt
606 4309 725 4370 ,porse
746 4289 864 4354 coniici.
