3078 5026
165 295 172 312 '
248 334 313 398 rao
341 311 346 322 '
465 329 524 392 uu
550 327 814 394 uurnonvu
837 307 1147 404 Qvoavunau

249 489 331 596 gain
348 500 452 570 habet
471 483 654 588 Pindams,
692 503 745 571 bis
768 511 896 592 tautum
917 501 1054 569 brevem
1084 497 1148 567 sibi
1168 495 1359 588 indulgens,

250 607 355 675 semel
376 603 433 674 Ol.
454 603 531 672 vll.
552 602 587 671 4.
609 603 668 697 (5)
691 614 725 674 et
747 604 866 680 lsthm.
888 604 915 672 1.
933 603 966 672 4.
985 599 1043 693 (5)
1066 600 1124 690 qui
1142 600 1211 668 loci
1232 599 1360 666 nescias
1395 609 1400 620 '

250 731 294 777 au
313 707 506 800 corrigendi
525 706 597 774 sint.
647 709 735 776 Nam
750 706 808 777 01.
827 707 920 776 Vlll.
932 703 1121 774 emendatio
1137 703 1220 770 levis
1235 699 1361 785 mendi,
1396 729 1401 738 ·

250 810 344 900 quod
361 809 401 879 'v.
425 809 486 878 st.
510 806 619 900 (llo)
645 810 800 880 relictum
823 817 888 894 est,
903 801 904 810 ’
921 807 1097 876 meliorem
1121 815 1274 876 versuum
1304 802 1361 871 di·
1399 823 1402 830 ·

250 909 459 984 stinationem
475 905 679 980 monstrabit
730 903 867 996 Fateor,
893 909 1057 980 eiusmodi
1073 923 1147 977 'esse
1171 907 1242 976 hoc
1256 927 1362 997 urgu-

250 1017 418 1101 mentum,
449 1014 549 1082 utin
577 1015 716 1107 seipso
745 1012 998 1099 nihil'hnbeat,
1031 1011 1126 1101 quod
1155 1007 1362 1102 reprehendi

250 1119 387 1212 possit
414 1118 543 1186 Verum
570 1117 664 1207 quod
687 1116 732 1184 ad
755 1112 926 1187 annorusiu
944 1117 1078 1200 attinet,
1105 1137 1180 1183 eam
1202 1113 1263 1180 etsi
1284 1113 1363 1180 lou-

250 1244 333 1315 gam
348 1242 418 1288 esse
434 1221 610 1289 necessitas
630 1220 724 1289 nulla
739 1220 850 1312 cogit,
874 1228 987 1288 tamen
1009 1223 1168 1307 sequente
1189 1223 1260 1284 tam
1280 1225 1364 1306 gra-

250 1326 304 1408 vi,
338 1345 442 1412 quam
466 1344 529 1390 nos
549 1322 687 1412 quidem
711 1333 885 1412 putamus,
918 1342 1075 1405 numero,
1102 1319 1208 1388 facile
1237 1316 1365 1385 iutelli-

251 1427 360 1518 gitur,
400 1425 540 1518 longam
567 1425 738 1494 auncrusin
769 1425 863 1494 brevi
890 1425 1059 1513 aliquanto
1084 1424 1250 1513 aptiorem
1279 1439 1365 1488 esse:
1398 1425 1400 1432 '

253 1528 347 1618 quod
366 1537 479 1597 autem
499 1529 678 1598 marimum
696 1535 762 1613 est,
786 1549 854 1596 non
876 1536 1065 1596 evertuntur
1077 1525 1138 1592 isto
1154 1530 1364 1615 argumento,

253 1653 341 1720 quae
364 1629 408 1698 de
426 1630 588 1721 gravitate
608 1630 704 1700 Dorii
720 1631 848 1698 numeri
865 1630 1023 1699 diximus:
1048 1651 1134 1718 quae
1153 1631 1257 1716 quum
1272 1633 1365 1693 tanta

253 1734 311 1817 sit',
349 1740 388 1801 ut
422 1731 631 1808 trochaicum
661 1755 855 1816 numerum,
905 1732 1070 1822 quidquid
1101 1729 1364 1812 comminiscere,

253 1836 355 1928 plane
378 1837 547 1924 aspernari
574 1837 742 1921 videatur,
777 1835 862 1902 nihil
885 1834 1039 1928 proderit
1058 1833 1103 1901 ad
1129 1831 1367 1902 trochaeorum

255 1936 485 2007 defensionem
503 1959 656 2005 mensura
668 1958 875 2007 anacruseos.
902 1936 972 2006 Sed
981 1937 1067 2006 satis.-
1092 1936 1179 2021 Alia,
1197 1934 1366 2024 quacior-

254 2047 340 2108 tasse
354 2037 397 2106 de
412 2039 483 2109 hoo
497 2061 651 2111 versuum
673 2060 798 2131 genere
818 2039 887 2110 diei
902 2048 1052 2133 possent,
1078 2040 1150 2107 aliis
1168 2040 1367 2128 relinquam.⁴

355 2141 461 2210 Aliud
485 2142 592 2227 enim,
617 2144 721 2232 idque
739 2143 884 2235 apertius
896 2142 1051 2234 proferre
1070 2144 1261 2233 exemplum
1284 2139 1367 2207 'volo

255 2244 428 2315 mensurae
451 2267 516 2335 per
536 2255 693 2314 numeros
719 2247 867 2317 musicos*
890 2255 1048 2318 mutatae.
1108 2247 1292 2314 Numerum
1325 2263 1368 2309 ex

155 2403 157 2408 ,
239 2345 324 2416 'urio
343 2346 495 2437 spondeo
508 2347 635 2418 factum
655 2370 755 2418 nemo
780 2371 989 2442 magnopere
1000 2347 1167 2438 laudabit,
1194 2347 1254 2417 sed
1270 2344 1367 2416 certis
1396 2354 1399 2360 “

254 2459 368 2518 tamen
391 2451 474 2518 locis
496 2460 588 2520 recte
612 2451 769 2521 adhiberi
797 2454 964 2522 fatebitur.
1022 2451 1135 2518 Minus
1166 2451 1267 2520 etiam
1295 2456 1369 2515 tro-
1397 2467 1399 2474 ·

256 2551 381 2622 chaeus
407 2554 609 2642 probabitur
627 2577 727 2625 unus:
760 2557 821 2622 etsi
841 2554 934 2623 huuc
954 2573 1090 2642 quoque
1116 2553 1258 2642 pedem,
1292 2539 1369 2616 ma·
1395 2573 1399 2576 ·

256 2656 345 2722 xime
374 2655 447 2724 basi
474 2677 689 2747 praegressa,
734 2667 810 2725 aute
841 2657 1077 2726 choriambum
1112 2655 1168 2744 vel
1196 2652 1370 2746 Creticum

257 2757 378 2847 saepe,
402 2779 512 2845 neque
529 2758 565 2826 id
578 2759 691 2852 inepte
713 2760 862 2852 positum
885 2759 1045 2828 videmus.
1095 2756 1184 2824 Nam
1202 2756 1260 2845 qui
1273 2754 1369 2824 basin

258 2866 293 2928 et
313 2857 405 2930 huuc
425 2859 711 2956 trochaeumpro
737 2861 867 2953 duplici
892 2862 965 2929 basi
989 2866 1159 2945 numeret,
1192 2866 1261 2928 non
1286 2878 1370 2950 per·

258 2961 398 3031 suadere
419 2961 520 3048 mihi,
545 2987 647 3055 supra
664 2963 864 3057 significavit
889 2983 1009 3033 vereor
1026 2962 1138 3053 potius
1158 2983 1202 3031 ue
1218 2962 1277 3030 hic
1298 2959 1369 3030 illic
1396 2971 1400 2980 '

258 3065 346 3132 basis
358 3065 392 3132 in
404 3065 444 3132 iis
458 3070 603 3138 numeris
618 3068 849 3159 conspiciatur,
874 3067 995 3158 quibus
1007 3064 1170 3136 Pindarus
1190 3067 1369 3133 mansuum

259 3166 338 3258 lege
362 3168 476 3239 solutis
497 3169 613 3247 fertur.
665 3170 881 3261 Omninoque
903 3179 951 3238 est
966 3192 1007 3240 ea
1025 3181 1138 3259 nuper
1160 3167 1370 3259 imperiosius

258 3269 294 3337 in
314 3271 520 3340 arbitrariam
541 3274 657 3370 legem
684 3284 822 3360 coacta,
857 3273 946 3342 adeo
967 3281 1004 3340 ut
1025 3273 1121 3362 lyrici
1132 3272 1314 3338 Aeolenses
1337 3278 1372 3335 et

260 3372 398 3459 comici,
433 3377 553 3464 quibus
580 3376 706 3444 addere
730 3377 915 3449 necessario
938 3376 1037 3444 etiam
1057 3373 1204 3465 tragicos
1228 3370 1371 3439 debebi-

259 3499 353 3563 mus,
378 3471 569 3568 imperfecti
589 3477 776 3568 rhythmici
794 3478 939 3546 audiant
991 3477 1166 3545 Nimirum‘
1178 3474 1263 3565 quid
1284 3473 1371 3542 faoi·
1394 3493 1397 3504 ’

260 3579 342 3664 lius,
370 3601 472 3671 quarn
492 3583 527 3649 iu
547 3590 666 3673 poetas
689 3582 827 3673 culpam
850 3578 1016 3665 coniicias,
1040 3578 1111 3664 ubi,
1136 3577 1275 3650 doctum
1296 3589 1394 3646 cre·

139 3750 142 3764 ,
246 3765 253 3778 Γ
263 3681 350 3750 dulis
363 3683 432 3751 vitii
444 3705 582 3771 nomen,
608 3679 890 3782 παρακαταλογῆ
909 3683 953 3752 ad
966 3705 1103 3752 manum
1119 3683 1186 3751 sit?
1209 3680 1281 3750 Sed
1300 3679 1370 3762 ille,

216 3789 368 3872 l'lquem
387 3787 473 3872 dixi,
498 3788 677 3858 trochaeus
695 3788 895 3877 plerumque
920 3795 996 3855 aute
1017 3786 1135 3854 breves
1158 3782 1323 3874 quosdam
1339 3790 1373 3849 et

262 3887 472 3977 abruptiores
489 3899 645 3959 numeros
665 3891 847 3974 inuenitur,
873 3889 1024 3977 nihilque
1038 3887 1161 3973 habet,
1188 3909 1293 3975 quare
1303 3905 1371 3952 non

262 3989 403 4072 eadem,
444 3981 512 4080 qua
538 3993 687 4080 reliquae
713 3992 877 4081 syllabae,
916 4011 1070 4058 mensura
1100 4011 1173 4057 esse
1197 3989 1370 4058 iudicetur.

261 4092 308 4160 At
329 4092 413 4160 alius
429 4094 528 4172 ‚haud
549 4115 625 4169 raro
650 4094 811 4164 iuvenitur
829 4091 1026 4177 trochaeus,
1059 4093 1217 4184 gravibus
1237 4093 1297 4160 ille
1317 4088 1372 4159 vel

262 4195 373 4292 longia
399 4197 544 4265 numeris
571 4198 706 4283 mixtus,
736 4215 841 4286 quem
868 4196 937 4264 sive
959 4194 1160 4265 trochaeum
1184 4205 1280 4279 esse,
1304 4193 1398 4261 sive*

266 4297 453 4392 spondeum
467 4309 582 4392 potes,
611 4293 829 4392 (plerumque
848 4301 939 4370 euim
955 4322 996 4370 eu
1018 4298 1148 4370 duabus
1163 4298 1275 4391 longis
1289 4307 1388 4368 con-¹
