3120 5030
497 387 506 398 „
574 327 898 393 DISSERTATIO.
1007 367 1009 374 ·
1157 363 1184 394 .·
1250 337 1290 402 81

174 430 179 462 l
254 463 256 466 ,
1283 460 1289 468 ι.

181 519 249 585 qua
278 503 344 582 est,
384 498 486 568 animi
521 497 659 569 affectio
688 501 779 570 ferre
813 503 955 572 videtur.
1020 503 1125 590 Quod
1153 506 1293 578 sentiens
1363 522 1377 536 ‘

181 599 358 668 Schirtzins
373 603 486 690 primo
507 627 638 671 versum
660 612 697 672 ut
719 605 868 696 spurium
892 605 1075 694 damnavit,
1100 631 1209 702 nuper
1230 635 1294 682 au·

180 705 250 771 tem
269 713 349 794 post
364 703 482 790 illurn,
509 706 553 774 de
569 729 638 794 quo
652 715 728 776 ante
751 707 963 794 dicebamus,
989 712 1109 798 posuit.
1161 713 1291 783 Mirum

168 828 280 889 uero,
305 797 618 895 praestantissimum
640 810 766 896 virum,
800 811 857 878 ubi
877 812 982 880 semel
1002 812 1150 900 viderat,
1182 815 1291 884 alieno

179 908 260 977 loco
285 932 361 976 eurn
384 933 515 1008 versum
544 913 632 1003 legi,
658 935 745 996 non,
771 913 866 1002 quod
885 914 982 981 nobis
997 914 1135 1002 quidem
1155 918 1291 1008 pridem
1377 921 1379 930 ’

178 1012 523 1084 certissimumvisum
554 1024 643 1099 erat,
686 1039 762 1084 eum
788 1027 865 1084 ante
891 1016 988 1084 illum
1015 1041 1148 1086 versum
1179 1021 1316 1093 collo-8

178 1135 288 1182 casse:
313 1137 382 1204 quo
401 1118 492 1186 facto
515 1140 582 1212 non
597 1117 702 1185 modo
717 1119 889 1209 vulgatam
902 1120 1081 1188 lectionem
1105 1119 1202 1204 ἄξειν
1223 1123 1292 1202 sin-

178 1235 291 1284 ceram
311 1241 399 1302 esse,
426 1221 486 1288 sed
508 1221 701 1293 sententiam
722 1243 859 1310 quoque
880 1223 1083 1312 aptissimam
1095 1225 1291 1316 optimeque

176 1341 296 1388 nexam
318 1322 444 1391 restitui
467 1333 626 1415 apparet.

331 1470 446 1599 φνγιῖς
470 1473 505 1549 δ’
529 1473 661 1573 οἷλήτης
680 1476 849 1572 τῆςδε”
802 1505 864 1574 γης
883 1470 1054 1560 ἀπόξενος
1139 1533 1144 1541 -

329 1573 512 1667 κάτεισιν,
540 1579 629 1660 ἄτας
645 1573 749 1658 τοῖςδε
767 1573 977 1672 θριγκώσων
994 1580 1122 1675 φίλοις

331 1675 525 1773 ὀμώμοται
548 1676 616 1776 γοῖρ
634 1679 738 1776 ὅρκος
761 1686 797 1754 ἑκ
817 1683 914 1754 θεῶν
937 1685 1085 1774 μέγας,

329 1781 426 1865 ἄξειν
446 1811 504 1858 νιν
529 1782 715 1876 ὑπτίασμα
733 1786 899 1876 κειμένου
915 1779 1061 1881 πατρός.

173 1905 312 2020 Exsul,
338 1936 462 2024 inquit,
475 1937 595 2028 atque
620 1936 769 2005 extorris
791 1934 922 2003 redebit
942 1936 1019 2018 alle,
1036 1933 1187 2030 finem
1173 1960 1287 2032 ampo-

171 2039 304 2106 siturus
332 2039 387 2106 his
416 2039 545 2108 malis:
573 2063 746 2132 magnum
776 2040 865 2106 enim
894 2037 941 2106 ub
963 2039 1033 2106 diis
1067 2033 1201 2109 dictans
1236 2050 1288 2112 est

174 2141 438 2228 ιἰιεὶιινιιιιάιιιιι,
475 2151 723 2211 revocaturum
751 2163 830 2210 eum
863 2163 937 2208 esse
968 2163 1089 2210 necem
1112 2147 1288 2242 prostrati

164 2246 297 2336 patris.

275 2345 316 2412 ln
331 2345 482 2413 Persisv.
499 2341 586 2413 580
612 2347 663 2413 lta
677 2347 783 2436 vulgo
805 2325 1000 2435 legebatur.
1025 2304 1244 2418 ιιενθεῑόΗ
1218 2374 1288 2418 οιν-

171 2452 245 2542 δριι
264 2440 374 2538 δόμος
392 2448 578 2542 στρηθείς·
605 2441 778 2542 τοκῆιςδ
796 2445 983 2524 ἅπαιδις“’
963 2449 1137 2542 ιρραντοιι
1159 2451 1196 2518 ἐν
1217 2442 1288 2519 δα-

169 2576 297 2670 κροσι,
327 2543 533 2640 δαιμόνι’”
507 2577 588 2647 αχη,
617 2543 681 2635 ὀιί,
704 2541 1123 2640 ὀδορόμενοιμέροντες·
1150 2540 1284 2622 τόιιοιν

171 2645 218 2746 δη
239 2645 406 2738 κλύουσιν
428 2649 542 2743 ἄλγος.
594 2649 734 2720 Oratio
725 2673 759 2716 ιιι
774 2649 828 2717 his
844 2673 964 2741 parurn
981 2649 1158 2732 concinna3
1181 2653 1287 2720 verba

171 2755 343 2842 aliquanto
371 2753 488 2843 plura,
529 2779 632 2842 qnam
660 2755 790 2821 numeri
816 2753 905 2820 ferre
926 2753 1109 2820 videantur.
1172 2753 1265 2822 Et'
1247 2782 1285 2827 εν
1360 2823 1364 2830 .

171 2850 322 2952 δάκρυσι
355 2857 492 2944 quidem
524 2858 620 2925 nrulti
645 2855 723 2924 libri
762 2856 932 2936 omittunt3
974 2878 1044 2922 esse
1074 2856 1191 2942 etiam,
1226 2856 1286 2946 qui

171 2962 366 3056 ἕρῤοινται,
394 2958 473 3046 quin
495 2961 553 3050 qui
577 2969 755 3048 utrumqne
776 2960 945 3040 omittant,
979 2957 1171 3049 Stephanus
1194 2959 1284 3027 dicit.

160 3059 246 3129 ¹Hos
261 3062 333 3128 iure
351 3073 507 3149 sequutus
528 3063 637 3130 editor
654 3062 887 3154 GlasguensiS‚
914 3061 1042 3127 sublata'
1055 3064 1139 3151 'post
1154 3061 1292 3156 γέρον-ι

170 3191 229 3243 τες
259 3165 543 3252 interpunctione,
578 3165 718 3233 orationi
744 3164 1000 3233 concinnitatem
1022 3163 1172 3230 restituit
1236 3163 1286 3232 At

170 3265 260 3334 unde
290 3277 403 3335 tamen
429 3269 601 3364 ε”ῥροινται
610 3322 624 3355 ,
668 3267 761 3356 quosl
784 3268 920 3334 minime
941 3263 1074 3334 videtur
1096 3266 1284 3355 interpretis

170 3370 376 3438 vocabulum
401 3370 496 3437 esse?
534 3371 667 3460 Nempe
694 3369 831 3454 codice,
865 3368 956 3436 unde
980 3367 1073 3436 ducti
1102 3378 1176 3436 sunt
1206 3365 1284 3434 libri

169 3473 291 3557 nostri,
325 3472 410 3540 duos
441 3474 621 3542 laterculos
648 3475 836 3563 (columnas
856 3471 1067 3562 typographi
1085 3469 1222 3557 vocant)
1248 3469 1284 3535 in

169 3575 308 3668 singulis
330 3577 463 3666 paginis
479 3573 639 3662 habente,
665 3574 827 3667 strophae
848 3583 881 3641 et
898 3572 1128 3662 antistrophae
1143 3593 1221 3662 pars
1237 3571 1284 3638 ita
1352 3657 1353 3664 ἵ

168 3701 240 3749 sese
262 3678 516 3768 contingebant·

221 3823 331 3911 οἶκτος
355 3826 450 3926 οἷμφι
443 3827 675 3926 Κυχρείας,
703 3821 770 3919 οά,
804 3827 993 3927 ἕρραντοιι·
1021 3816 1180 3917 δαιμόνι

1021 3925 1108 4022 ἄχη
1145 3955 1212 4019 θαι

220 4030 330 4110 στένε
340 4062 400 4108 και
393 4028 605 4120 δακνιῖζοιι.
1023 4023 1220 4126 δυρόμενοι

1023 4133 1198 4229 γέροντες.

165 4261 256 4360 Hillo
285 4279 433 4373 factum,
458 4295 495 4356 ut
519 4289 716 4386 ἕρῤανται,
746 4267 895 4378 quod'n
912 4285 1053 4381 stropha
1076 4309 1155 4384 cuna
1171 4287 1303 4380 verbis
1430 4298 1432 4306 ’

217 4395 340 4462 Hanno.
369 4391 435 4462 Or.
453 4393 498 4459 ll.
936 4469 939 4478 Ι
1037 4390 1070 4458 F
