3080 5054
733 389 928 458 CARMEN

427 567 643 637 Prosternere
658 565 743 636 iotur
768 564 928 638 siontubi
945 564 1069 636 inieras

428 671 603 761 Rumpens
622 689 780 738 orreruas
793 669 985 762 ignipotens
998 691 1107 761 repor

479 772 611 842 Rodios
635 793 724 842 nuno
743 781 874 842 montes
894 772 1027 842 revulsa

500 971 503 978 .
530 877 708 950 Tartareas
733 876 824 969 rapit
845 876 881 944 in
903 875 1056 964 lacunas,

427 1149 526 1218 Nuno
547 1157 582 1217 et
604 1147 779 1240 profundo
791 1145 948 1239 Tethyos
966 1149 1013 1220 ab
1032 1150 1102 1218 salo

427 1253 505 1321 Non
527 1261 603 1322 ante
623 1251 708 1322 visas
731 1250 994 1322 exstaturum
1102 1311 1108 1326 ,

478 1356 525 1426 Et
544 1377 652 1447 regnu
671 1355 863 1448 longinquis
884 1355 928 1425 ab
950 1355 1017 1426 oris

528 1458 707 1530 Innumero
731 1459 866 1551 populo
886 1457 1045 1551 petenda.

427 1729 559 1804 Orbem
574 1731 740 1828 regebant
763 1754 858 1802 error
883 1741 919 1802 et
937 1732 1103 1825 impotens

424 1834 559 1904 Servire
577 1857 682 1905 caeco
701 1835 881 1906 credulitas
906 1835 997 1922 duci,
1065 1857 1070 1861 ·

472 1935 673 2026 Mentesque
695 1945 868 2028 torpentes
895 1958 1025 2027 pavore

527 2039 611 2108 lliro
634 2040 825 2132 superstitio
846 2041 996 2130 tenebat,
1128 2077 1132 2084 ·

423 2307 541 2382 clavis*
561 2332 698 2382 severae
723 2315 853 2384 seilicet
873 2319 1060 2407 aucupans'

424 2417 550 2502 Nutus,
583 2424 617 2483 et
640 2423 807 2486 ostensum
833 2419 1006 2488 arbitrium
1033 2416 1108 2486 vine

474 2519 636 2588 Ducentis
661 2520 707 2587 ad
736 2521 832 2591 sedes
854 2522 971 2590 beatas

527 2623 574 2691 Et
600 2622 775 2714 placidam
803 2627 957 2716 requiem
978 2625 1133 2717 piorum,

423 2893 470 2961 Vt
493 2894 635 2984 quisque
662 2896 761 2987 larga
791 2895 883 2966 dona
915 2895 1026 2964 ferens
1055 2919 1156 2964 manu

422 2997 593 3066 Plsoasset
612 2997 712 3080 iram,
745 3005 858 3064 sancte
877 2997 976 3077 deus,
1015 3006 1124 3081 tuam,

472 3099 627 3169 Immune
648 3097 816 3168 vindictae
839 3096 988 3166 nefando

526 3202 712 3297 Flagitium
737 3201 850 3295 pretio
881 3199 1079 3300 rependens.

421 3477 480 3546 Sic
501 3475 685 3566 Mperatnr
707 3473 852 3560 fraudis,
889 3495 985 3544 amor
1004 3475 1107 3558 lucri,

423 3580 545 3649 Audax
569 3578 725 3648 scelestas
749 3589 866 3647 texere
888 3575 1080 3664 machinas,

471 3685 517 3753 Et
535 3684 627 3773 regis
651 3684 777 3750 aeterni
797 3676 984 3749 timendum
1088 3739 1091 3762 ,

522 3785 710 3856 lrrererens
734 3795 902 3869 temerare
924 3805 1065 3868 nomen,

423 4075 668 4145 Formidolosis
690 4077 924 4170 relligionibus

420 4179 568 4250 Miscere
594 4190 732 4268 cuneta,
763 4191 865 4272 atque
891 4181 926 4249 in
949 4177 1066 4250 vitium
1083 4177 1256 4270 integram

473 4283 611 4354 Mutare
634 4286 809 4372 virtutem,
842 4285 1040 4376 probroque

461 4439 464 4449 .
522 4385 736 4479 Repperera't
760 4389 919 4458 meruisse
942 4385 1099 4473 landem,
