<?xml version="1.0" encoding="UTF-8"?>
<!DOCTYPE html PUBLIC "-//W3C//DTD XHTML 1.0 Transitional//EN"
    "http://www.w3.org/TR/xhtml1/DTD/xhtml1-transitional.dtd">
<html xmlns="http://www.w3.org/1999/xhtml" xml:lang="en" lang="en">
 <head>
  <title>
</title>
<meta http-equiv="Content-Type" content="text/html;charset=utf-8" />
  <meta name='ocr-system' content='tesseract 3.04.00' />
  <meta name='ocr-capabilities' content='ocr_page ocr_carea ocr_par ocr_line ocrx_word'/>
</head>
<body>
  <div class='ocr_page' id='page_1' title='image "./opuscula03hermgoog/opuscula03hermgoog_0226.png"; bbox 0 0 3058 5046; ppageno 0'>
   <div class='ocr_carea' id='block_1_1' title="bbox 554 309 1385 404">
    <p class='ocr_par' dir='ltr' id='par_1_1' title="bbox 554 309 1385 404">
     <span class='ocr_line' id='line_1_1' title="bbox 554 309 1385 404; baseline 0.012 -20"><span class='ocrx_word' id='word_1_1' title='bbox 554 325 877 404; x_wconf 80' lang='lat' dir='ltr'><strong>nrssuururro.</strong></span> <span class='ocrx_word' id='word_1_2' title='bbox 1207 329 1273 393; x_wconf 69' lang='grc' dir='ltr'><strong>ιιι</strong></span> <span class='ocrx_word' id='word_1_3' title='bbox 1371 309 1385 322; x_wconf 86' lang='grc'><strong>“</strong></span> 
     </span>
    </p>
   </div>
   <div class='ocr_carea' id='block_1_2' title="bbox 31 467 1272 899">
    <p class='ocr_par' dir='ltr' id='par_1_2' title="bbox 31 467 1272 899">
     <span class='ocr_line' id='line_1_2' title="bbox 158 467 1272 589; baseline 0.003 -25"><span class='ocrx_word' id='word_1_4' title='bbox 158 517 252 580; x_wconf 85' lang='lat' dir='ltr'><strong>runs,</strong></span> <span class='ocrx_word' id='word_1_5' title='bbox 285 495 367 584; x_wconf 90' lang='lat' dir='ltr'><strong>quid</strong></span> <span class='ocrx_word' id='word_1_6' title='bbox 391 467 691 583; x_wconf 48' lang='lat' dir='ltr'><strong>aliud⁸habcmus,</strong></span> <span class='ocrx_word' id='word_1_7' title='bbox 724 519 825 585; x_wconf 89' lang='lat' dir='ltr'><strong>quam</strong></span> <span class='ocrx_word' id='word_1_8' title='bbox 844 519 898 565; x_wconf 89' lang='lat' dir='ltr'><strong>res</strong></span> <span class='ocrx_word' id='word_1_9' title='bbox 919 519 1077 589; x_wconf 80' lang='lat' dir='ltr'><strong>magnam</strong></span> <span class='ocrx_word' id='word_1_10' title='bbox 1100 505 1232 589; x_wconf 89' lang='lat' dir='ltr'><strong>partem</strong></span> <span class='ocrx_word' id='word_1_11' title='bbox 1251 523 1272 568; x_wconf 91' lang='lat' dir='ltr'><strong>a</strong></span> 
     </span>
     <span class='ocr_line' id='line_1_3' title="bbox 155 598 1271 708; baseline 0.004 -43"><span class='ocrx_word' id='word_1_12' title='bbox 155 598 386 688; x_wconf 76' lang='lat' dir='ltr'><strong>praedonibus</strong></span> <span class='ocrx_word' id='word_1_13' title='bbox 407 608 536 691; x_wconf 84' lang='lat' dir='ltr'><strong>gestas,</strong></span> <span class='ocrx_word' id='word_1_14' title='bbox 571 623 693 689; x_wconf 87' lang='lat' dir='ltr'><strong>easque</strong></span> <span class='ocrx_word' id='word_1_15' title='bbox 714 601 769 669; x_wconf 83' lang='lat' dir='ltr'><strong>vir</strong></span> <span class='ocrx_word' id='word_1_16' title='bbox 784 599 903 691; x_wconf 80' lang='lat' dir='ltr'><strong>dignas</strong></span> <span class='ocrx_word' id='word_1_17' title='bbox 922 601 1134 669; x_wconf 84' lang='lat' dir='ltr'><strong>memoratu?</strong></span> <span class='ocrx_word' id='word_1_18' title='bbox 1166 601 1271 708; x_wconf 77' lang='lat' dir='ltr'><strong>Quod</strong></span> 
     </span>
     <span class='ocr_line' id='line_1_4' title="bbox 31 693 1271 796; baseline 0.004 -29"><span class='ocrx_word' id='word_1_19' title='bbox 31 777 35 785; x_wconf 27' lang='lat'>⁸</span> <span class='ocrx_word' id='word_1_20' title='bbox 158 703 186 768; x_wconf 91' lang='lat' dir='ltr'><strong>si</strong></span> <span class='ocrx_word' id='word_1_21' title='bbox 205 693 426 772; x_wconf 85' lang='lat' dir='ltr'><strong>summamex</strong></span> <span class='ocrx_word' id='word_1_22' title='bbox 449 702 501 770; x_wconf 91' lang='lat' dir='ltr'><strong>his</strong></span> <span class='ocrx_word' id='word_1_23' title='bbox 516 704 726 796; x_wconf 83' lang='lat' dir='ltr'><strong>colligimus,</strong></span> <span class='ocrx_word' id='word_1_24' title='bbox 752 702 841 773; x_wconf 91' lang='lat' dir='ltr'><strong>haec</strong></span> <span class='ocrx_word' id='word_1_25' title='bbox 860 712 925 791; x_wconf 91' lang='lat' dir='ltr'><strong>est,</strong></span> <span class='ocrx_word' id='word_1_26' title='bbox 951 726 1038 794; x_wconf 91' lang='lat' dir='ltr'><strong>quac</strong></span> <span class='ocrx_word' id='word_1_27' title='bbox 1052 702 1190 772; x_wconf 87' lang='lat' dir='ltr'><strong>historia</strong></span> <span class='ocrx_word' id='word_1_28' title='bbox 1207 729 1271 796; x_wconf 86' lang='lat' dir='ltr'><strong>ap-</strong></span> 
     </span>
     <span class='ocr_line' id='line_1_5' title="bbox 156 805 1270 899; baseline 0.004 -27"><span class='ocrx_word' id='word_1_29' title='bbox 156 805 281 895; x_wconf 90' lang='lat' dir='ltr'><strong>pellari</strong></span> <span class='ocrx_word' id='word_1_30' title='bbox 302 806 418 897; x_wconf 87' lang='lat' dir='ltr'><strong>possit.</strong></span> <span class='ocrx_word' id='word_1_31' title='bbox 469 805 633 875; x_wconf 87' lang='lat' dir='ltr'><strong>Advcnae</strong></span> <span class='ocrx_word' id='word_1_32' title='bbox 648 810 846 899; x_wconf 80' lang='lat' dir='ltr'><strong>Aegyptum</strong></span> <span class='ocrx_word' id='word_1_33' title='bbox 861 816 961 896; x_wconf 86' lang='lat' dir='ltr'><strong>atque</strong></span> <span class='ocrx_word' id='word_1_34' title='bbox 981 807 1143 898; x_wconf 79' lang='lat' dir='ltr'><strong>Arabiam</strong></span> <span class='ocrx_word' id='word_1_35' title='bbox 1167 825 1270 876; x_wconf 93' lang='lat' dir='ltr'><strong>occu-</strong></span> 
     </span>
    </p>
   </div>
   <div class='ocr_carea' id='block_1_3' title="bbox 69 910 1353 4378">
    <p class='ocr_par' dir='ltr' id='par_1_3' title="bbox 151 910 1271 1826">
     <span class='ocr_line' id='line_1_6' title="bbox 155 910 1270 1002; baseline 0 -24"><span class='ocrx_word' id='word_1_36' title='bbox 155 917 289 998; x_wconf 79' lang='lat' dir='ltr'><strong>parunt.</strong></span> <span class='ocrx_word' id='word_1_37' title='bbox 338 910 393 976; x_wconf 83' lang='lat' dir='ltr'><strong>Ex</strong></span> <span class='ocrx_word' id='word_1_38' title='bbox 416 910 579 1002; x_wconf 84' lang='lat' dir='ltr'><strong>Aegypto</strong></span> <span class='ocrx_word' id='word_1_39' title='bbox 604 911 741 999; x_wconf 89' lang='lat' dir='ltr'><strong>qnidam</strong></span> <span class='ocrx_word' id='word_1_40' title='bbox 766 912 880 1002; x_wconf 82' lang='lat' dir='ltr'><strong>Argos</strong></span> <span class='ocrx_word' id='word_1_41' title='bbox 907 933 966 980; x_wconf 89' lang='lat' dir='ltr'><strong>scu</strong></span> <span class='ocrx_word' id='word_1_42' title='bbox 991 933 1112 979; x_wconf 88' lang='lat' dir='ltr'><strong>venere</strong></span> <span class='ocrx_word' id='word_1_43' title='bbox 1135 932 1194 977; x_wconf 92' lang='lat' dir='ltr'><strong>seu</strong></span> <span class='ocrx_word' id='word_1_44' title='bbox 1213 932 1270 978; x_wconf 88' lang='lat' dir='ltr'><strong>re-</strong></span> 
     </span>
     <span class='ocr_line' id='line_1_7' title="bbox 151 1010 1270 1109; baseline 0.004 -33"><span class='ocrx_word' id='word_1_45' title='bbox 151 1010 261 1109; x_wconf 40' lang='lat' dir='ltr'><strong>·diere.</strong></span> <span class='ocrx_word' id='word_1_46' title='bbox 318 1011 372 1080; x_wconf 94' lang='lat' dir='ltr'><strong>lbi</strong></span> <span class='ocrx_word' id='word_1_47' title='bbox 403 1033 461 1080; x_wconf 87' lang='lat' dir='ltr'><strong>eos</strong></span> <span class='ocrx_word' id='word_1_48' title='bbox 488 1015 678 1082; x_wconf 88' lang='lat' dir='ltr'><strong>invaserunt</strong></span> <span class='ocrx_word' id='word_1_49' title='bbox 704 1013 893 1104; x_wconf 91' lang='lat' dir='ltr'><strong>praedones</strong></span> <span class='ocrx_word' id='word_1_50' title='bbox 903 1039 921 1098; x_wconf 90' lang='lat'><strong>,·</strong></span> <span class='ocrx_word' id='word_1_51' title='bbox 954 1035 1099 1103; x_wconf 89' lang='lat' dir='ltr'><strong>quorum</strong></span> <span class='ocrx_word' id='word_1_52' title='bbox 1118 1013 1270 1081; x_wconf 84' lang='lat' dir='ltr'><strong>nonnulli</strong></span> 
     </span>
     <span class='ocr_line' id='line_1_8' title="bbox 157 1106 1271 1207; baseline 0.002 -27"><span class='ocrx_word' id='word_1_53' title='bbox 157 1125 348 1182; x_wconf 90' lang='lat' dir='ltr'><strong>manserunt</strong></span> <span class='ocrx_word' id='word_1_54' title='bbox 371 1115 464 1205; x_wconf 90' lang='lat' dir='ltr'><strong>apud</strong></span> <span class='ocrx_word' id='word_1_55' title='bbox 489 1139 556 1184; x_wconf 86' lang='lat' dir='ltr'><strong>eos.</strong></span> <span class='ocrx_word' id='word_1_56' title='bbox 580 1160 583 1166; x_wconf 90' lang='lat'>-</span> <span class='ocrx_word' id='word_1_57' title='bbox 608 1118 731 1185; x_wconf 85' lang='lat' dir='ltr'>Postea</span> <span class='ocrx_word' id='word_1_58' title='bbox 748 1139 826 1206; x_wconf 88' lang='lat' dir='ltr'><strong>pars</strong></span> <span class='ocrx_word' id='word_1_59' title='bbox 843 1140 954 1185; x_wconf 89' lang='lat' dir='ltr'><strong>rorum</strong></span> <span class='ocrx_word' id='word_1_60' title='bbox 970 1139 1130 1184; x_wconf 88' lang='lat' dir='ltr'><strong>novarum</strong></span> <span class='ocrx_word' id='word_1_61' title='bbox 1144 1106 1271 1207; x_wconf 90' lang='lat' dir='ltr'><strong>cupida</strong></span> 
     </span>
     <span class='ocr_line' id='line_1_9' title="bbox 157 1216 1269 1309; baseline 0.003 -27"><span class='ocrx_word' id='word_1_62' title='bbox 157 1216 223 1283; x_wconf 89' lang='lat' dir='ltr'><strong>alio</strong></span> <span class='ocrx_word' id='word_1_63' title='bbox 243 1216 338 1286; x_wconf 89' lang='lat' dir='ltr'><strong>sedes</strong></span> <span class='ocrx_word' id='word_1_64' title='bbox 352 1219 538 1306; x_wconf 86' lang='lat' dir='ltr'><strong>quaesitum</strong></span> <span class='ocrx_word' id='word_1_65' title='bbox 551 1219 642 1286; x_wconf 89' lang='lat' dir='ltr'><strong>abiit.</strong></span> <span class='ocrx_word' id='word_1_66' title='bbox 692 1220 747 1287; x_wconf 85' lang='lat' dir='ltr'><strong>Ex</strong></span> <span class='ocrx_word' id='word_1_67' title='bbox 764 1219 837 1304; x_wconf 90' lang='lat' dir='ltr'><strong>his,</strong></span> <span class='ocrx_word' id='word_1_68' title='bbox 863 1221 922 1309; x_wconf 92' lang='lat' dir='ltr'><strong>qni</strong></span> <span class='ocrx_word' id='word_1_69' title='bbox 938 1229 1163 1288; x_wconf 78' lang='lat' dir='ltr'><strong>remanserant</strong></span> <span class='ocrx_word' id='word_1_70' title='bbox 1177 1241 1269 1286; x_wconf 88' lang='lat' dir='ltr'><strong>mer-</strong></span> 
     </span>
     <span class='ocr_line' id='line_1_10' title="bbox 157 1320 1270 1414; baseline 0.003 -29"><span class='ocrx_word' id='word_1_71' title='bbox 157 1329 308 1387; x_wconf 84' lang='lat' dir='ltr'><strong>caturam</strong></span> <span class='ocrx_word' id='word_1_72' title='bbox 334 1331 541 1408; x_wconf 81' lang='lat' dir='ltr'><strong>exercentes,</strong></span> <span class='ocrx_word' id='word_1_73' title='bbox 580 1323 670 1412; x_wconf 88' lang='lat' dir='ltr'><strong>pulsi</strong></span> <span class='ocrx_word' id='word_1_74' title='bbox 691 1321 830 1414; x_wconf 87' lang='lat' dir='ltr'><strong>quidam</strong></span> <span class='ocrx_word' id='word_1_75' title='bbox 858 1331 964 1408; x_wconf 88' lang='lat' dir='ltr'><strong>sunt,</strong></span> <span class='ocrx_word' id='word_1_76' title='bbox 988 1323 1047 1412; x_wconf 91' lang='lat' dir='ltr'><strong>qni</strong></span> <span class='ocrx_word' id='word_1_77' title='bbox 1067 1320 1270 1390; x_wconf 91' lang='lat' dir='ltr'><strong>dominatio-</strong></span> 
     </span>
     <span class='ocr_line' id='line_1_11' title="bbox 156 1422 1268 1517; baseline 0.003 -28"><span class='ocrx_word' id='word_1_78' title='bbox 156 1444 235 1489; x_wconf 86' lang='lat' dir='ltr'><strong>nem</strong></span> <span class='ocrx_word' id='word_1_79' title='bbox 264 1422 424 1492; x_wconf 85' lang='lat' dir='ltr'><strong>affectarc</strong></span> <span class='ocrx_word' id='word_1_80' title='bbox 449 1425 657 1494; x_wconf 90' lang='lat' dir='ltr'><strong>videbantur.</strong></span> <span class='ocrx_word' id='word_1_81' title='bbox 721 1424 789 1510; x_wconf 83' lang='lat' dir='ltr'><strong>Qui</strong></span> <span class='ocrx_word' id='word_1_82' title='bbox 812 1448 930 1515; x_wconf 84' lang='lat' dir='ltr'><strong>,quum</strong></span> <span class='ocrx_word' id='word_1_83' title='bbox 961 1426 1084 1494; x_wconf 91' lang='lat' dir='ltr'><strong>multas</strong></span> <span class='ocrx_word' id='word_1_84' title='bbox 1112 1424 1268 1517; x_wconf 82' lang='lat' dir='ltr'><strong>regiones</strong></span> 
     </span>
     <span class='ocr_line' id='line_1_12' title="bbox 155 1527 1270 1619; baseline 0.003 -28"><span class='ocrx_word' id='word_1_85' title='bbox 155 1527 334 1616; x_wconf 85' lang='lat' dir='ltr'><strong>pervagati</strong></span> <span class='ocrx_word' id='word_1_86' title='bbox 354 1527 485 1618; x_wconf 84' lang='lat' dir='ltr'><strong>maguis</strong></span> <span class='ocrx_word' id='word_1_87' title='bbox 507 1550 584 1598; x_wconf 93' lang='lat' dir='ltr'><strong>cum</strong></span> <span class='ocrx_word' id='word_1_88' title='bbox 606 1528 727 1619; x_wconf 90' lang='lat' dir='ltr'><strong>opibus</strong></span> <span class='ocrx_word' id='word_1_89' title='bbox 750 1528 915 1613; x_wconf 80' lang='lat' dir='ltr'><strong>redirent,</strong></span> <span class='ocrx_word' id='word_1_90' title='bbox 948 1529 1014 1613; x_wconf 90' lang='lat' dir='ltr'><strong>illi,</strong></span> <span class='ocrx_word' id='word_1_91' title='bbox 1047 1527 1106 1616; x_wconf 91' lang='lat' dir='ltr'><strong>qui</strong></span> <span class='ocrx_word' id='word_1_92' title='bbox 1131 1549 1189 1596; x_wconf 91' lang='lat' dir='ltr'><strong>eos</strong></span> <span class='ocrx_word' id='word_1_93' title='bbox 1209 1548 1270 1596; x_wconf 84' lang='lat' dir='ltr'><strong>cx·</strong></span> 
     </span>
     <span class='ocr_line' id='line_1_13' title="bbox 155 1629 1269 1721; baseline 0.002 -25"><span class='ocrx_word' id='word_1_94' title='bbox 155 1629 331 1718; x_wconf 89' lang='lat' dir='ltr'><strong>pulcrant,</strong></span> <span class='ocrx_word' id='word_1_95' title='bbox 374 1652 459 1721; x_wconf 89' lang='lat' dir='ltr'><strong>prae</strong></span> <span class='ocrx_word' id='word_1_96' title='bbox 486 1640 579 1698; x_wconf 90' lang='lat' dir='ltr'><strong>metu</strong></span> <span class='ocrx_word' id='word_1_97' title='bbox 609 1631 815 1719; x_wconf 89' lang='lat' dir='ltr'><strong>reliquerunt</strong></span> <span class='ocrx_word' id='word_1_98' title='bbox 848 1631 944 1700; x_wconf 87' lang='lat' dir='ltr'><strong>sedes</strong></span> <span class='ocrx_word' id='word_1_99' title='bbox 968 1643 1073 1701; x_wconf 82' lang='lat' dir='ltr'><strong>snas&#39;</strong></span> <span class='ocrx_word' id='word_1_100' title='bbox 1120 1631 1160 1698; x_wconf 91' lang='lat' dir='ltr'><strong>ln</strong></span> <span class='ocrx_word' id='word_1_101' title='bbox 1183 1651 1269 1719; x_wconf 89' lang='lat' dir='ltr'><strong>quos</strong></span> 
     </span>
     <span class='ocr_line' id='line_1_14' title="bbox 156 1733 1269 1826; baseline 0 -28"><span class='ocrx_word' id='word_1_102' title='bbox 156 1754 264 1820; x_wconf 90' lang='lat' dir='ltr'><strong>quum</strong></span> <span class='ocrx_word' id='word_1_103' title='bbox 288 1752 367 1800; x_wconf 90' lang='lat' dir='ltr'><strong>casu</strong></span> <span class='ocrx_word' id='word_1_104' title='bbox 389 1733 605 1819; x_wconf 77' lang='lat' dir='ltr'><strong>incidissent„</strong></span> <span class='ocrx_word' id='word_1_105' title='bbox 621 1757 746 1822; x_wconf 91' lang='lat' dir='ltr'><strong>eosque</strong></span> <span class='ocrx_word' id='word_1_106' title='bbox 761 1733 1008 1826; x_wconf 79' lang='lat' dir='ltr'><strong>impedivissent</strong></span> <span class='ocrx_word' id='word_1_107' title='bbox 1030 1734 1164 1826; x_wconf 84' lang='lat' dir='ltr'><strong>longius</strong></span> <span class='ocrx_word' id='word_1_108' title='bbox 1183 1754 1269 1824; x_wconf 91' lang='lat' dir='ltr'><strong>pro-</strong></span> 
     </span>
    </p>

    <p class='ocr_par' dir='ltr' id='par_1_4' title="bbox 69 1833 1353 4378">
     <span class='ocr_line' id='line_1_15' title="bbox 130 1833 1343 1929; baseline -0.001 -25"><span class='ocrx_word' id='word_1_109' title='bbox 130 1833 272 1924; x_wconf 66' lang='lat' dir='ltr'><strong>gredi,</strong></span> <span class='ocrx_word' id='word_1_110' title='bbox 303 1835 371 1903; x_wconf 90' lang='lat' dir='ltr'><strong>iam</strong></span> <span class='ocrx_word' id='word_1_111' title='bbox 394 1858 462 1904; x_wconf 94' lang='lat' dir='ltr'><strong>non</strong></span> <span class='ocrx_word' id='word_1_112' title='bbox 484 1839 615 1929; x_wconf 81' lang='lat' dir='ltr'><strong>Argos,</strong></span> <span class='ocrx_word' id='word_1_113' title='bbox 648 1838 820 1928; x_wconf 88' lang='lat' dir='ltr'><strong>pristinam</strong></span> <span class='ocrx_word' id='word_1_114' title='bbox 842 1838 985 1929; x_wconf 87' lang='lat' dir='ltr'><strong>patriam</strong></span> <span class='ocrx_word' id='word_1_115' title='bbox 1006 1860 1116 1922; x_wconf 88' lang='lat' dir='ltr'><strong>suam,</strong></span> <span class='ocrx_word' id='word_1_116' title='bbox 1152 1836 1268 1904; x_wconf 81' lang='lat' dir='ltr'><strong>deser-</strong></span> <span class='ocrx_word' id='word_1_117' title='bbox 1339 1913 1343 1922; x_wconf 11' lang='lat' dir='ltr'><strong>y</strong></span> 
     </span>
     <span class='ocr_line' id='line_1_16' title="bbox 69 1939 1267 2031; baseline 0.006 -33"><span class='ocrx_word' id='word_1_118' title='bbox 69 1981 94 1998; x_wconf 15' lang='grc' dir='ltr'><strong>Α.</strong></span> <span class='ocrx_word' id='word_1_119' title='bbox 139 1947 227 2026; x_wconf 22' lang='lat' dir='ltr'><strong>stam</strong></span> <span class='ocrx_word' id='word_1_120' title='bbox 244 1960 352 2027; x_wconf 93' lang='lat' dir='ltr'><strong>nunc,</strong></span> <span class='ocrx_word' id='word_1_121' title='bbox 390 1939 452 2008; x_wconf 91' lang='lat' dir='ltr'><strong>sed</strong></span> <span class='ocrx_word' id='word_1_122' title='bbox 473 1940 675 2029; x_wconf 88' lang='lat' dir='ltr'><strong>Tirynthem</strong></span> <span class='ocrx_word' id='word_1_123' title='bbox 698 1950 833 2031; x_wconf 85' lang='lat' dir='ltr'><strong>petunt,</strong></span> <span class='ocrx_word' id='word_1_124' title='bbox 875 1942 935 2010; x_wconf 91' lang='lat' dir='ltr'><strong>ubi</strong></span> <span class='ocrx_word' id='word_1_125' title='bbox 956 1942 1077 2009; x_wconf 86' lang='lat' dir='ltr'><strong>misere</strong></span> <span class='ocrx_word' id='word_1_126' title='bbox 1100 1940 1267 2022; x_wconf 83' lang='lat' dir='ltr'><strong>vivebant,</strong></span> 
     </span>
     <span class='ocr_line' id='line_1_17' title="bbox 156 2038 1313 2136; baseline -0.002 -29"><span class='ocrx_word' id='word_1_127' title='bbox 156 2040 215 2128; x_wconf 90' lang='lat' dir='ltr'><strong>qui</strong></span> <span class='ocrx_word' id='word_1_128' title='bbox 242 2042 325 2108; x_wconf 90' lang='lat' dir='ltr'><strong>olim</strong></span> <span class='ocrx_word' id='word_1_129' title='bbox 339 2042 450 2133; x_wconf 82' lang='lat' dir='ltr'><strong>¹Argis</strong></span> <span class='ocrx_word' id='word_1_130' title='bbox 473 2051 593 2131; x_wconf 82' lang='lat' dir='ltr'><strong>sponte</strong></span> <span class='ocrx_word' id='word_1_131' title='bbox 618 2045 775 2112; x_wconf 88' lang='lat' dir='ltr'><strong>abierant.</strong></span> <span class='ocrx_word' id='word_1_132' title='bbox 825 2038 890 2111; x_wconf 87' lang='lat' dir='ltr'><strong>His</strong></span> <span class='ocrx_word' id='word_1_133' title='bbox 912 2044 1027 2136; x_wconf 82' lang='lat' dir='ltr'><strong>Argos</strong></span> <span class='ocrx_word' id='word_1_134' title='bbox 1044 2044 1166 2126; x_wconf 89' lang='lat' dir='ltr'><strong>missis,</strong></span> <span class='ocrx_word' id='word_1_135' title='bbox 1198 2041 1313 2132; x_wconf 81' lang='lat' dir='ltr'><strong>ipsi22</strong></span> 
     </span>
     <span class='ocr_line' id='line_1_18' title="bbox 155 2143 1269 2236; baseline -0.003 -24"><span class='ocrx_word' id='word_1_136' title='bbox 155 2144 343 2232; x_wconf 83' lang='lat' dir='ltr'><strong>Tirynthe,</strong></span> <span class='ocrx_word' id='word_1_137' title='bbox 382 2146 595 2212; x_wconf 88' lang='lat' dir='ltr'><strong>communitis</strong></span> <span class='ocrx_word' id='word_1_138' title='bbox 615 2144 734 2212; x_wconf 91' lang='lat' dir='ltr'><strong>Midea</strong></span> <span class='ocrx_word' id='word_1_139' title='bbox 758 2153 792 2212; x_wconf 90' lang='lat' dir='ltr'><strong>et</strong></span> <span class='ocrx_word' id='word_1_140' title='bbox 811 2143 983 2234; x_wconf 90' lang='lat' dir='ltr'><strong>Mycenis,</strong></span> <span class='ocrx_word' id='word_1_141' title='bbox 1020 2166 1163 2236; x_wconf 85' lang='lat' dir='ltr'><strong>regnum</strong></span> <span class='ocrx_word' id='word_1_142' title='bbox 1184 2165 1269 2212; x_wconf 92' lang='lat' dir='ltr'><strong>con-</strong></span> 
     </span>
     <span class='ocr_line' id='line_1_19' title="bbox 156 2243 1268 2337; baseline 0 -25"><span class='ocrx_word' id='word_1_143' title='bbox 156 2245 241 2315; x_wconf 88' lang='lat' dir='ltr'><strong>dunt</strong></span> <span class='ocrx_word' id='word_1_144' title='bbox 264 2247 550 2336; x_wconf 88' lang='lat' dir='ltr'><strong>potentissimum,</strong></span> <span class='ocrx_word' id='word_1_145' title='bbox 602 2269 747 2337; x_wconf 86' lang='lat' dir='ltr'><strong>parsque</strong></span> <span class='ocrx_word' id='word_1_146' title='bbox 780 2268 897 2314; x_wconf 87' lang='lat' dir='ltr'><strong>eorum</strong></span> <span class='ocrx_word' id='word_1_147' title='bbox 925 2246 1045 2314; x_wconf 85' lang='lat' dir='ltr'><strong>insulas</strong></span> <span class='ocrx_word' id='word_1_148' title='bbox 1073 2243 1268 2314; x_wconf 88' lang='lat' dir='ltr'><strong>Echinades</strong></span> 
     </span>
     <span class='ocr_line' id='line_1_20' title="bbox 156 2350 1268 2439; baseline -0.002 -23"><span class='ocrx_word' id='word_1_149' title='bbox 156 2356 321 2436; x_wconf 87' lang='lat' dir='ltr'><strong>occupat,</strong></span> <span class='ocrx_word' id='word_1_150' title='bbox 367 2358 401 2416; x_wconf 90' lang='lat' dir='ltr'><strong>et</strong></span> <span class='ocrx_word' id='word_1_151' title='bbox 425 2350 474 2416; x_wconf 94' lang='lat' dir='ltr'><strong>ibi</strong></span> <span class='ocrx_word' id='word_1_152' title='bbox 499 2350 673 2418; x_wconf 88' lang='lat' dir='ltr'><strong>latrocinia</strong></span> <span class='ocrx_word' id='word_1_153' title='bbox 700 2357 841 2418; x_wconf 86' lang='lat' dir='ltr'><strong>exercet.</strong></span> <span class='ocrx_word' id='word_1_154' title='bbox 899 2351 946 2416; x_wconf 90' lang='lat' dir='ltr'><strong>Hi</strong></span> <span class='ocrx_word' id='word_1_155' title='bbox 977 2350 1122 2415; x_wconf 90' lang='lat' dir='ltr'><strong>latrones</strong></span> <span class='ocrx_word' id='word_1_156' title='bbox 1148 2357 1268 2439; x_wconf 90' lang='lat' dir='ltr'><strong>postea</strong></span> 
     </span>
     <span class='ocr_line' id='line_1_21' title="bbox 153 2450 1270 2544; baseline 0 -26"><span class='ocrx_word' id='word_1_157' title='bbox 153 2450 362 2544; x_wconf 86' lang='lat' dir='ltr'><strong>praedantur</strong></span> <span class='ocrx_word' id='word_1_158' title='bbox 383 2450 558 2541; x_wconf 82' lang='lat' dir='ltr'><strong>Mycenas.</strong></span> <span class='ocrx_word' id='word_1_159' title='bbox 628 2452 719 2520; x_wconf 90' lang='lat' dir='ltr'><strong>Inter</strong></span> <span class='ocrx_word' id='word_1_160' title='bbox 748 2451 969 2540; x_wconf 77' lang='lat' dir='ltr'><strong>Mycenenses</strong></span> <span class='ocrx_word' id='word_1_161' title='bbox 997 2451 1057 2518; x_wconf 92' lang='lat' dir='ltr'><strong>lite</strong></span> <span class='ocrx_word' id='word_1_162' title='bbox 1090 2451 1135 2518; x_wconf 95' lang='lat' dir='ltr'><strong>ob</strong></span> <span class='ocrx_word' id='word_1_163' title='bbox 1167 2471 1270 2518; x_wconf 59' lang='lat' dir='ltr'><strong>recu-x</strong></span> 
     </span>
     <span class='ocr_line' id='line_1_22' title="bbox 154 2552 1270 2644; baseline -0.003 -22"><span class='ocrx_word' id='word_1_164' title='bbox 154 2563 310 2644; x_wconf 91' lang='lat' dir='ltr'><strong>peratam</strong></span> <span class='ocrx_word' id='word_1_165' title='bbox 329 2555 493 2643; x_wconf 89' lang='lat' dir='ltr'><strong>praedam</strong></span> <span class='ocrx_word' id='word_1_166' title='bbox 515 2563 606 2638; x_wconf 89' lang='lat' dir='ltr'><strong>orta,</strong></span> <span class='ocrx_word' id='word_1_167' title='bbox 631 2553 798 2625; x_wconf 81' lang='lat' dir='ltr'><strong>fortissimi</strong></span> <span class='ocrx_word' id='word_1_168' title='bbox 818 2554 879 2622; x_wconf 91' lang='lat' dir='ltr'><strong>viri</strong></span> <span class='ocrx_word' id='word_1_169' title='bbox 893 2579 913 2622; x_wconf 91' lang='lat' dir='ltr'><strong>a</strong></span> <span class='ocrx_word' id='word_1_170' title='bbox 926 2553 1185 2644; x_wconf 86' lang='lat' dir='ltr'><strong>potentioribus,</strong></span> <span class='ocrx_word' id='word_1_171' title='bbox 1210 2552 1270 2641; x_wconf 93' lang='lat' dir='ltr'><strong>qni</strong></span> 
     </span>
     <span class='ocr_line' id='line_1_23' title="bbox 154 2651 1268 2748; baseline 0 -24"><span class='ocrx_word' id='word_1_172' title='bbox 154 2657 319 2747; x_wconf 84' lang='lat' dir='ltr'><strong>Mycenas</strong></span> <span class='ocrx_word' id='word_1_173' title='bbox 335 2666 370 2723; x_wconf 91' lang='lat' dir='ltr'><strong>et</strong></span> <span class='ocrx_word' id='word_1_174' title='bbox 387 2658 588 2747; x_wconf 89' lang='lat' dir='ltr'><strong>Tirynthem</strong></span> <span class='ocrx_word' id='word_1_175' title='bbox 605 2666 788 2748; x_wconf 90' lang='lat' dir='ltr'><strong>occupant,</strong></span> <span class='ocrx_word' id='word_1_176' title='bbox 814 2657 968 2726; x_wconf 88' lang='lat' dir='ltr'><strong>Mideam</strong></span> <span class='ocrx_word' id='word_1_177' title='bbox 991 2651 1268 2726; x_wconf 66' lang='lat' dir='ltr'><strong>autem&#39;scelestis</strong></span> 
     </span>
     <span class='ocr_line' id='line_1_24' title="bbox 155 2759 1266 2852; baseline 0.004 -25"><span class='ocrx_word' id='word_1_178' title='bbox 155 2759 359 2849; x_wconf 89' lang='lat' dir='ltr'><strong>quibusdam</strong></span> <span class='ocrx_word' id='word_1_179' title='bbox 388 2761 580 2829; x_wconf 89' lang='lat' dir='ltr'><strong>hominibus</strong></span> <span class='ocrx_word' id='word_1_180' title='bbox 610 2762 838 2846; x_wconf 89' lang='lat' dir='ltr'><strong>committunt,</strong></span> <span class='ocrx_word' id='word_1_181' title='bbox 884 2762 919 2828; x_wconf 91' lang='lat' dir='ltr'><strong>iu</strong></span> <span class='ocrx_word' id='word_1_182' title='bbox 950 2761 1085 2829; x_wconf 84' lang='lat' dir='ltr'><strong>exilium</strong></span> <span class='ocrx_word' id='word_1_183' title='bbox 1111 2769 1266 2852; x_wconf 86' lang='lat' dir='ltr'><strong>aguntur.</strong></span> 
     </span>
     <span class='ocr_line' id='line_1_25' title="bbox 154 2858 1268 2954; baseline -0.004 -21"><span class='ocrx_word' id='word_1_184' title='bbox 154 2864 203 2933; x_wconf 91' lang='lat' dir='ltr'><strong>Hi</strong></span> <span class='ocrx_word' id='word_1_185' title='bbox 225 2863 366 2931; x_wconf 86' lang='lat' dir='ltr'><strong>Thebas</strong></span> <span class='ocrx_word' id='word_1_186' title='bbox 390 2887 425 2934; x_wconf 89' lang='lat' dir='ltr'><strong>se</strong></span> <span class='ocrx_word' id='word_1_187' title='bbox 448 2858 644 2950; x_wconf 82' lang='lat' dir='ltr'><strong>conferunt,</strong></span> <span class='ocrx_word' id='word_1_188' title='bbox 670 2864 892 2954; x_wconf 89' lang='lat' dir='ltr'><strong>diuturnoque</strong></span> <span class='ocrx_word' id='word_1_189' title='bbox 909 2865 1002 2933; x_wconf 87' lang='lat' dir='ltr'><strong>bello</strong></span> <span class='ocrx_word' id='word_1_190' title='bbox 1024 2863 1145 2931; x_wconf 90' lang='lat' dir='ltr'><strong>insulas</strong></span> <span class='ocrx_word' id='word_1_191' title='bbox 1158 2863 1268 2934; x_wconf 86' lang='lat' dir='ltr'><strong>Echi-</strong></span> 
     </span>
     <span class='ocr_line' id='line_1_26' title="bbox 154 2966 1268 3060; baseline -0.003 -24"><span class='ocrx_word' id='word_1_192' title='bbox 154 2967 258 3036; x_wconf 90' lang='lat' dir='ltr'><strong>nades</strong></span> <span class='ocrx_word' id='word_1_193' title='bbox 283 2967 317 3034; x_wconf 93' lang='lat' dir='ltr'><strong>in</strong></span> <span class='ocrx_word' id='word_1_194' title='bbox 337 2977 539 3058; x_wconf 87' lang='lat' dir='ltr'><strong>potestatem</strong></span> <span class='ocrx_word' id='word_1_195' title='bbox 561 2991 655 3036; x_wconf 89' lang='lat' dir='ltr'><strong>suam</strong></span> <span class='ocrx_word' id='word_1_196' title='bbox 673 2967 841 3060; x_wconf 84' lang='lat' dir='ltr'><strong>redigunt.</strong></span> <span class='ocrx_word' id='word_1_197' title='bbox 892 2967 1023 3046; x_wconf 90' lang='lat' dir='ltr'><strong>Posteri</strong></span> <span class='ocrx_word' id='word_1_198' title='bbox 1044 2989 1180 3050; x_wconf 90' lang='lat' dir='ltr'><strong>eorum,</strong></span> <span class='ocrx_word' id='word_1_199' title='bbox 1214 2966 1268 3033; x_wconf 91' lang='lat' dir='ltr'><strong>in-</strong></span> 
     </span>
     <span class='ocr_line' id='line_1_27' title="bbox 154 3067 1268 3162; baseline -0.002 -25"><span class='ocrx_word' id='word_1_200' title='bbox 154 3070 348 3137; x_wconf 89' lang='lat' dir='ltr'><strong>festantibus</strong></span> <span class='ocrx_word' id='word_1_201' title='bbox 370 3071 584 3162; x_wconf 87' lang='lat' dir='ltr'><strong>optimatibus</strong></span> <span class='ocrx_word' id='word_1_202' title='bbox 603 3073 826 3162; x_wconf 85' lang='lat' dir='ltr'><strong>Argivorum,</strong></span> <span class='ocrx_word' id='word_1_203' title='bbox 861 3071 920 3159; x_wconf 90' lang='lat' dir='ltr'><strong>qui</strong></span> <span class='ocrx_word' id='word_1_204' title='bbox 940 3091 1048 3161; x_wconf 84' lang='lat' dir='ltr'><strong>regno</strong></span> <span class='ocrx_word' id='word_1_205' title='bbox 1072 3091 1130 3136; x_wconf 89' lang='lat' dir='ltr'><strong>cos</strong></span> <span class='ocrx_word' id='word_1_206' title='bbox 1151 3067 1268 3135; x_wconf 83' lang='lat' dir='ltr'><strong>exclu-</strong></span> 
     </span>
     <span class='ocr_line' id='line_1_28' title="bbox 154 3171 1353 3264; baseline -0.002 -24"><span class='ocrx_word' id='word_1_207' title='bbox 154 3181 282 3258; x_wconf 90' lang='lat' dir='ltr'><strong>serant,</strong></span> <span class='ocrx_word' id='word_1_208' title='bbox 321 3171 391 3242; x_wconf 94' lang='lat' dir='ltr'><strong>huc</strong></span> <span class='ocrx_word' id='word_1_209' title='bbox 420 3175 502 3242; x_wconf 94' lang='lat' dir='ltr'><strong>illuc</strong></span> <span class='ocrx_word' id='word_1_210' title='bbox 528 3174 643 3264; x_wconf 84' lang='lat' dir='ltr'><strong>vagati</strong></span> <span class='ocrx_word' id='word_1_211' title='bbox 677 3183 710 3239; x_wconf 89' lang='lat' dir='ltr'><strong>et</strong></span> <span class='ocrx_word' id='word_1_212' title='bbox 740 3173 874 3240; x_wconf 89' lang='lat' dir='ltr'><strong>labores</strong></span> <span class='ocrx_word' id='word_1_213' title='bbox 905 3172 1028 3240; x_wconf 90' lang='lat' dir='ltr'><strong>multos</strong></span> <span class='ocrx_word' id='word_1_214' title='bbox 1059 3171 1268 3261; x_wconf 87' lang='lat' dir='ltr'><strong>pertulerunt</strong></span> <span class='ocrx_word' id='word_1_215' title='bbox 1352 3190 1353 3200; x_wconf 59' lang='lat'>¹</span> 
     </span>
     <span class='ocr_line' id='line_1_29' title="bbox 156 3274 1266 3366; baseline -0.004 -23"><span class='ocrx_word' id='word_1_216' title='bbox 156 3284 190 3344; x_wconf 89' lang='lat' dir='ltr'><strong>et</strong></span> <span class='ocrx_word' id='word_1_217' title='bbox 214 3275 361 3366; x_wconf 90' lang='lat' dir='ltr'><strong>plurima</strong></span> <span class='ocrx_word' id='word_1_218' title='bbox 384 3276 561 3344; x_wconf 88' lang='lat' dir='ltr'><strong>ediderunt</strong></span> <span class='ocrx_word' id='word_1_219' title='bbox 588 3274 729 3365; x_wconf 81' lang='lat' dir='ltr'><strong>egregia</strong></span> <span class='ocrx_word' id='word_1_220' title='bbox 750 3275 909 3344; x_wconf 89' lang='lat' dir='ltr'><strong>facinora.</strong></span> <span class='ocrx_word' id='word_1_221' title='bbox 969 3275 1151 3364; x_wconf 87' lang='lat' dir='ltr'><strong>Aliquanto</strong></span> <span class='ocrx_word' id='word_1_222' title='bbox 1177 3281 1266 3364; x_wconf 92' lang='lat' dir='ltr'><strong>post,</strong></span> 
     </span>
     <span class='ocr_line' id='line_1_30' title="bbox 154 3377 1266 3470; baseline -0.004 -25"><span class='ocrx_word' id='word_1_223' title='bbox 154 3380 261 3447; x_wconf 90' lang='lat' dir='ltr'><strong>acrius</strong></span> <span class='ocrx_word' id='word_1_224' title='bbox 281 3379 515 3447; x_wconf 87' lang='lat' dir='ltr'><strong>insectantibus</strong></span> <span class='ocrx_word' id='word_1_225' title='bbox 540 3401 597 3446; x_wconf 90' lang='lat' dir='ltr'><strong>eos</strong></span> <span class='ocrx_word' id='word_1_226' title='bbox 621 3377 773 3469; x_wconf 81' lang='lat' dir='ltr'><strong>Argivis,</strong></span> <span class='ocrx_word' id='word_1_227' title='bbox 814 3400 918 3466; x_wconf 89' lang='lat' dir='ltr'><strong>quum</strong></span> <span class='ocrx_word' id='word_1_228' title='bbox 945 3378 1152 3467; x_wconf 90' lang='lat' dir='ltr'><strong>aliquamdiu</strong></span> <span class='ocrx_word' id='word_1_229' title='bbox 1177 3377 1266 3470; x_wconf 81' lang='lat' dir='ltr'><strong>Tra-</strong></span> 
     </span>
     <span class='ocr_line' id='line_1_31' title="bbox 155 3481 1268 3570; baseline -0.006 -20"><span class='ocrx_word' id='word_1_230' title='bbox 155 3481 255 3550; x_wconf 90' lang='lat' dir='ltr'><strong>chine</strong></span> <span class='ocrx_word' id='word_1_231' title='bbox 281 3481 467 3570; x_wconf 90' lang='lat' dir='ltr'><strong>latuissent,</strong></span> <span class='ocrx_word' id='word_1_232' title='bbox 511 3482 555 3549; x_wconf 89' lang='lat' dir='ltr'><strong>ad</strong></span> <span class='ocrx_word' id='word_1_233' title='bbox 584 3481 803 3550; x_wconf 87' lang='lat' dir='ltr'><strong>Athenienses</strong></span> <span class='ocrx_word' id='word_1_234' title='bbox 831 3492 1082 3563; x_wconf 89' lang='lat' dir='ltr'><strong>concesserunt,</strong></span> <span class='ocrx_word' id='word_1_235' title='bbox 1121 3499 1268 3566; x_wconf 91' lang='lat' dir='ltr'><strong>quorum</strong></span> 
     </span>
     <span class='ocr_line' id='line_1_32' title="bbox 155 3581 1266 3674; baseline -0.005 -22"><span class='ocrx_word' id='word_1_236' title='bbox 155 3587 279 3653; x_wconf 85' lang='lat' dir='ltr'><strong>auxilio</strong></span> <span class='ocrx_word' id='word_1_237' title='bbox 306 3593 437 3652; x_wconf 87' lang='lat' dir='ltr'><strong>strenue</strong></span> <span class='ocrx_word' id='word_1_238' title='bbox 468 3584 661 3652; x_wconf 91' lang='lat' dir='ltr'><strong>dimicantes</strong></span> <span class='ocrx_word' id='word_1_239' title='bbox 689 3585 863 3674; x_wconf 81' lang='lat' dir='ltr'><strong>fregerunt</strong></span> <span class='ocrx_word' id='word_1_240' title='bbox 891 3583 1078 3674; x_wconf 87' lang='lat' dir='ltr'><strong>potentiam</strong></span> <span class='ocrx_word' id='word_1_241' title='bbox 1114 3581 1266 3672; x_wconf 84' lang='lat' dir='ltr'><strong>Argivo-</strong></span> 
     </span>
     <span class='ocr_line' id='line_1_33' title="bbox 153 3680 1266 3780; baseline -0.003 -24"><span class='ocrx_word' id='word_1_242' title='bbox 153 3711 248 3774; x_wconf 92' lang='lat' dir='ltr'><strong>rum,</strong></span> <span class='ocrx_word' id='word_1_243' title='bbox 294 3697 333 3755; x_wconf 90' lang='lat' dir='ltr'><strong>nt</strong></span> <span class='ocrx_word' id='word_1_244' title='bbox 364 3688 451 3756; x_wconf 91' lang='lat' dir='ltr'><strong>adeo</strong></span> <span class='ocrx_word' id='word_1_245' title='bbox 480 3710 625 3780; x_wconf 84' lang='lat' dir='ltr'><strong>regnum</strong></span> <span class='ocrx_word' id='word_1_246' title='bbox 655 3709 772 3754; x_wconf 88' lang='lat' dir='ltr'><strong>eorum</strong></span> <span class='ocrx_word' id='word_1_247' title='bbox 799 3686 1007 3754; x_wconf 82' lang='lat' dir='ltr'><strong>vastaverint.</strong></span> <span class='ocrx_word' id='word_1_248' title='bbox 1071 3683 1142 3752; x_wconf 86' lang='lat' dir='ltr'><strong>Sed</strong></span> <span class='ocrx_word' id='word_1_249' title='bbox 1174 3680 1266 3753; x_wconf 84' lang='lat' dir='ltr'><strong>fame</strong></span> 
     </span>
     <span class='ocr_line' id='line_1_34' title="bbox 154 3787 1266 3882; baseline -0.005 -23"><span class='ocrx_word' id='word_1_250' title='bbox 154 3800 189 3859; x_wconf 88' lang='lat' dir='ltr'><strong>ct</strong></span> <span class='ocrx_word' id='word_1_251' title='bbox 207 3787 352 3882; x_wconf 81' lang='lat' dir='ltr'><strong>¹proeliis</strong></span> <span class='ocrx_word' id='word_1_252' title='bbox 384 3792 504 3875; x_wconf 87' lang='lat' dir='ltr'><strong>attriti,</strong></span> <span class='ocrx_word' id='word_1_253' title='bbox 547 3813 626 3880; x_wconf 89' lang='lat' dir='ltr'><strong>pars</strong></span> <span class='ocrx_word' id='word_1_254' title='bbox 661 3812 697 3857; x_wconf 90' lang='lat' dir='ltr'><strong>se</strong></span> <span class='ocrx_word' id='word_1_255' title='bbox 733 3790 767 3856; x_wconf 90' lang='lat' dir='ltr'><strong>in</strong></span> <span class='ocrx_word' id='word_1_256' title='bbox 801 3789 943 3857; x_wconf 88' lang='lat' dir='ltr'><strong>insulam</strong></span> <span class='ocrx_word' id='word_1_257' title='bbox 977 3787 1143 3857; x_wconf 89' lang='lat' dir='ltr'><strong>Rhodum</strong></span> <span class='ocrx_word' id='word_1_258' title='bbox 1181 3808 1266 3854; x_wconf 89' lang='lat' dir='ltr'><strong>con-</strong></span> 
     </span>
     <span class='ocr_line' id='line_1_35' title="bbox 153 3891 1266 3982; baseline -0.003 -21"><span class='ocrx_word' id='word_1_259' title='bbox 153 3895 246 3977; x_wconf 89' lang='lat' dir='ltr'><strong>tulit,</strong></span> <span class='ocrx_word' id='word_1_260' title='bbox 273 3897 397 3964; x_wconf 89' lang='lat' dir='ltr'><strong>caeteri</strong></span> <span class='ocrx_word' id='word_1_261' title='bbox 424 3896 491 3964; x_wconf 90' lang='lat' dir='ltr'><strong>alio</strong></span> <span class='ocrx_word' id='word_1_262' title='bbox 516 3894 710 3964; x_wconf 89' lang='lat' dir='ltr'><strong>discessere:</strong></span> <span class='ocrx_word' id='word_1_263' title='bbox 744 3892 802 3982; x_wconf 93' lang='lat' dir='ltr'><strong>qui</strong></span> <span class='ocrx_word' id='word_1_264' title='bbox 827 3893 1024 3961; x_wconf 89' lang='lat' dir='ltr'><strong>idemtidem</strong></span> <span class='ocrx_word' id='word_1_265' title='bbox 1050 3899 1176 3957; x_wconf 90' lang='lat' dir='ltr'><strong>tentata</strong></span> <span class='ocrx_word' id='word_1_266' title='bbox 1196 3891 1266 3958; x_wconf 82' lang='lat' dir='ltr'><strong>Pe-</strong></span> 
     </span>
     <span class='ocr_line' id='line_1_36' title="bbox 150 3994 1264 4088; baseline -0.005 -24"><span class='ocrx_word' id='word_1_267' title='bbox 150 3998 358 4088; x_wconf 89' lang='lat' dir='ltr'><strong>loponneso,</strong></span> <span class='ocrx_word' id='word_1_268' title='bbox 429 3999 565 4066; x_wconf 78' lang='lat' dir='ltr'><strong>tondent</strong></span> <span class='ocrx_word' id='word_1_269' title='bbox 611 3997 779 4088; x_wconf 83' lang='lat' dir='ltr'><strong>Naupacti</strong></span> <span class='ocrx_word' id='word_1_270' title='bbox 832 3996 938 4065; x_wconf 84' lang='lat' dir='ltr'><strong>classe</strong></span> <span class='ocrx_word' id='word_1_271' title='bbox 997 4005 1123 4062; x_wconf 88' lang='lat' dir='ltr'><strong>structa</strong></span> <span class='ocrx_word' id='word_1_272' title='bbox 1167 3994 1264 4060; x_wconf 91' lang='lat' dir='ltr'><strong>tantis</strong></span> 
     </span>
     <span class='ocr_line' id='line_1_37' title="bbox 152 4098 1264 4191; baseline -0.004 -23"><span class='ocrx_word' id='word_1_273' title='bbox 152 4122 232 4176; x_wconf 87' lang='lat' dir='ltr'><strong>curn</strong></span> <span class='ocrx_word' id='word_1_274' title='bbox 274 4101 380 4189; x_wconf 92' lang='lat' dir='ltr'><strong>copiis</strong></span> <span class='ocrx_word' id='word_1_275' title='bbox 426 4101 674 4191; x_wconf 85' lang='lat' dir='ltr'><strong>expeditionem</strong></span> <span class='ocrx_word' id='word_1_276' title='bbox 706 4107 936 4190; x_wconf 81' lang='lat' dir='ltr'><strong>susceperuut,</strong></span> <span class='ocrx_word' id='word_1_277' title='bbox 984 4107 1022 4168; x_wconf 92' lang='lat' dir='ltr'><strong>ut</strong></span> <span class='ocrx_word' id='word_1_278' title='bbox 1057 4108 1091 4167; x_wconf 88' lang='lat' dir='ltr'><strong>et</strong></span> <span class='ocrx_word' id='word_1_279' title='bbox 1124 4098 1264 4189; x_wconf 87' lang='lat' dir='ltr'><strong>subige-</strong></span> 
     </span>
     <span class='ocr_line' id='line_1_38' title="bbox 151 4201 1264 4296; baseline -0.005 -24"><span class='ocrx_word' id='word_1_280' title='bbox 151 4213 225 4272; x_wconf 86' lang='lat' dir='ltr'><strong>rent</strong></span> <span class='ocrx_word' id='word_1_281' title='bbox 260 4203 490 4296; x_wconf 88' lang='lat' dir='ltr'><strong>Poloponnesi</strong></span> <span class='ocrx_word' id='word_1_282' title='bbox 526 4203 714 4272; x_wconf 69' lang='lat' dir='ltr'><strong>maumam</strong></span> <span class='ocrx_word' id='word_1_283' title='bbox 738 4213 887 4295; x_wconf 87' lang='lat' dir='ltr'><strong>partem,</strong></span> <span class='ocrx_word' id='word_1_284' title='bbox 921 4211 954 4272; x_wconf 89' lang='lat' dir='ltr'><strong>et</strong></span> <span class='ocrx_word' id='word_1_285' title='bbox 995 4226 1070 4272; x_wconf 91' lang='lat' dir='ltr'><strong>eam</strong></span> <span class='ocrx_word' id='word_1_286' title='bbox 1110 4201 1195 4270; x_wconf 90' lang='lat' dir='ltr'><strong>inter</strong></span> <span class='ocrx_word' id='word_1_287' title='bbox 1216 4222 1264 4266; x_wconf 83' lang='lat' dir='ltr'><strong>-se</strong></span> 
     </span>
     <span class='ocr_line' id='line_1_39' title="bbox 150 4307 348 4378; baseline 0.005 -4"><span class='ocrx_word' id='word_1_288' title='bbox 150 4307 348 4378; x_wconf 64' lang='lat' dir='ltr'><strong>dividerent:</strong></span> 
     </span>
    </p>
   </div>
   <div class='ocr_carea' id='block_1_4' title="bbox 0 0 1534 5046">
    <p class='ocr_par' dir='ltr' id='par_1_5' title="bbox 0 0 1534 5046">
     <span class='ocr_line' id='line_1_40' title="bbox 0 0 1534 5046; baseline 0 0"><span class='ocrx_word' id='word_1_289' title='bbox 0 0 1534 5046; x_wconf 95' lang='lat' dir='ltr'><strong> </strong></span> 
     </span>
    </p>
   </div>
  </div>
 </body>
</html>
