3078 5026
525 357 818 420 ‘Puusls
1137 357 1144 374 ⁸
1207 361 1251 424 tt

140 527 246 601 cladis
268 527 290 597 a
315 527 425 598 Persis
452 536 614 620 acceptae
638 551 680 598 eo
704 519 910 622 depingere,
943 526 1037 619 quod
1064 530 1251 598 universam

141 655 258 702 eorum
281 633 451 702 civitatem
474 633 637 701 afflictam
657 633 855 702 ostenderet
907 633 995 700 Nam
1017 633 1044 700 si
1065 634 1137 722 quis
1157 644 1252 704 recte

141 759 274 806 omnem
305 735 457 804 fabulam
493 735 767 822 consideraverit,
801 735 976 804 fatendum
1016 736 1094 819 erit,
1136 737 1253 826 specie

141 863 233 924 eam,
265 859 333 906 nou
354 863 391 906 re
416 837 561 910 differre.
576 840 620 907 ab
643 840 703 908 illo
724 862 868 932 genere,
901 839 997 927 quod
1016 839 1253 908 recentioribus

140 941 376 1012 monodrama
403 964 527 1011 vocare
552 943 690 1032 placuit.
759 942 857 1026 Quae
879 943 967 1010 enim
997 941 1254 1010 introducuntur

139 1066 322 1136 personae,
349 1054 476 1113 tantum
491 1045 585 1113 abest
600 1055 638 1113 ut
655 1045 787 1130 studiis,
813 1044 974 1129 consiliis,
1000 1043 1096 1113 factis
1120 1044 1254 1124 sibiju-

129 1149 249 1216 ·vicem
261 1148 462 1232 renitantur,
488 1171 556 1237 quo
574 1170 615 1216 err
633 1148 808 1233 conflictu,
834 1157 873 1215 ut
887 1148 1021 1215 solitum
1036 1158 1094 1232 est,
1118 1155 1253 1240 postre—

141 1273 199 1320 mo
218 1251 322 1318 iustus
342 1250 480 1340 quidam
503 1259 637 1320 eventus
656 1251 818 1341 prodeat,
842 1261 880 1320 ut
900 1251 1007 1341 magis
1028 1271 1143 1318 omnes
1160 1249 1252 1318 idem

141 1363 262 1445 agant,
299 1364 332 1420 et
358 1353 520 1462 proinde,
562 1355 656 1442 quod
685 1354 823 1444 quidem
853 1352 914 1426 ad
930 1353 1094 1422 actionem
1125 1354 1253 1439 attinet,

117 1469 119 1474 '
141 1478 257 1525 omues
278 1479 346 1526 una
362 1480 507 1547 persona
524 1458 597 1524 sint.
647 1457 776 1542 Quin
752 1480 779 1524 su
799 1455 1008 1547 singulorum
1025 1455 1254 1524 conditionem
1377 1473 1380 1482 '

138 1560 315 1649 respicias,
341 1560 443 1629 facile
464 1559 657 1645 adducaris,
683 1570 720 1627 nt
744 1559 783 1630 id
802 1582 871 1627 non
899 1581 996 1645 casu,
1029 1559 1090 1627 sed
1111 1558 1252 1630 consilio

139 1664 270 1731 factum
282 1663 383 1732 dicas.
435 1664 496 1732 Est
515 1663 602 1732 enim
617 1664 644 1730 is
660 1663 829 1731 adhibitus
848 1685 1066 1753 personarum
1087 1661 1252 1748 delectus,

138 1774 178 1834 ut
200 1765 285 1834 nihil
314 1766 358 1833 ad
381 1767 564 1858 imaginem
589 1767 760 1836 arriversae
787 1766 925 1836 civitatis
947 1766 1062 1834 deesse
1089 1766 1253 1834 videatur.

138 1870 311 1958 Populum
333 1869 474 1957 chorus,
508 1870 638 1962 regiam
661 1871 867 1938 maiestatem
897 1870 1035 1953 Atussa,
1070 1871 1253 1938 exercitum

128 1972 295 2059 nuncius,
335 1973 457 2042 ducem
480 1973 550 2041 dux
570 1974 643 2063 ipse
663 1973 822 2062 idemque
843 1995 902 2040 rex
924 1973 1070 2058 Xerxes,
1106 1973 1253 2061 denique
1345 2051 1350 2058 ¹

138 2085 268 2160 vatem,
294 2075 389 2164 quod
410 2099 517 2168 genus
540 2076 732 2166 dignatione
750 2075 935 2146 secundum
949 2098 1079 2167 regem,
1106 2075 1280 2155 auctori-9

115 2177 117 2184 ’
136 2186 209 2246 tate
229 2201 331 2268 saepe
350 2179 458 2268 prius,
491 2179 625 2246 omnino
650 2188 763 2246 antem
780 2179 921 2247 dimidia
939 2201 1018 2268 pars
1040 2179 1175 2270 imperii
1193 2186 1253 2260 cst,

136 2281 260 2350 Darius
285 2290 530 2371 repraesentat:
565 2304 650 2368 quos
676 2303 791 2348 omnes
815 2303 919 2368 qaum
951 2281 1096 2348 afflictos
1129 2279 1254 2370 lugen-

135 2393 258 2471 tesque
281 2381 450 2466 videmus,
495 2404 602 2470 ecqua
624 2392 734 2472 potest
759 2383 867 2449 maior
887 2383 972 2472 fingi
1011 2391 1067 2448 aut
1097 2383 1256 2448 illustrior

135 2485 271 2578 species
290 2485 452 2554 moeroris
474 2507 538 2575 per
559 2507 674 2552 omncs
696 2486 868 2551 universae
887 2483 1027 2552 civitatis
1051 2493 1164 2574 partes
1186 2479 1256 2550 dif-

135 2587 231 2658 fusi?
263 2586 374 2678 Igitur
395 2589 423 2654 si
442 2586 594 2656 detracta
610 2587 873 2675 colloquentium
886 2608 1105 2677 personarum
1119 2588 1257 2658 fictione

137 2701 213 2760 'rem
233 2691 342 2782 ipsam
364 2699 570 2780 spectamus,
596 2692 764 2760 'civitatem
788 2691 965 2758 Persarum
986 2690 1140 2760 videmus
1161 2691 1256 2760 initio
1326 2711 1331 2718 '

139 2794 186 2862 de
204 2803 326 2862 eventu
339 2795 421 2861 belli
437 2793 634 2880 sollicitam,
660 2815 739 2861 mox
750 2815 788 2860 re
805 2802 981 2884 comperta
1000 2803 1255 2880 consternatam,
1298 2827 1301 2832 ·

140 2894 266 2964 deinde
293 2898 337 2964 ab
359 2895 421 2962 diis
447 2897 605 2965 auxilium
635 2905 824 2986 petentem,
861 2897 1007 2987 denique
1035 2907 1178 2989 accepto
1198 2896 1256 2966 dei

139 3011 320 3090 responso,
359 2999 523 3088 adspectu
540 3000 751 3068 redeuntium
772 3002 807 3067 in
832 2999 977 3071 effusum
996 3001 1126 3070 luctum
1141 3023 1255 3068 erum-

139 3111 289 3192 pentem.
340 3103 447 3171 Atali
467 3125 548 3170 vero
575 3104 714 3172 comilio
738 3101 882 3188 chorus,
907 3103 966 3190 qui
988 3125 1057 3169 non
1080 3124 1121 3170 ex
1143 3103 1255 3172 Persis

141 3214 246 3291 esset,
281 3206 329 3272 ita
353 3203 579 3291 abhorrebat,
611 3215 665 3290 ut,
692 3205 721 3272 si
748 3215 852 3295 poeta
881 3203 1069 3294 Phrynichi
1098 3207 1254 3296 exemplo

141 3306 342 3376 Phoenissae
376 3308 532 3408 mulieres
561 3308 809 3392 introduxisset,
852 3309 958 3376 omnis
994 3309 1055 3377 illa
1082 3310 1255 3378 universae

143 3410 281 3480 civitatis
302 3410 417 3502 imago
445 3411 615 3480 interitura
642 3411 766 3479 suisset.
813 3411 911 3496 Quin
931 3412 1097 3502 sapienter
1113 3435 1155 3480 ne
1169 3413 1256 3478 Per-

141 3513 225 3583 sicas
244 3513 380 3602 quidem
408 3515 563 3583 mulieres
582 3514 791 3584 adhibendas
810 3516 958 3606 putavit,
996 3513 1090 3602 quod
1117 3513 1257 3582 civitatis

140 3615 254 3686 vicem
266 3617 424 3686 sustinere
437 3619 585 3695 virorum
602 3618 714 3708 potius
727 3626 792 3700 est,
818 3640 921 3704 quam
936 3616 1123 3683 mulierum.
1150 3613 1256 3699 Quod

15 3771 16 3778 ι
143 3728 262 3788 contra
291 3743 335 3787 ne
362 3719 526 3788 temnens
550 3743 644 3788 sexus
671 3721 801 3786 abesset
824 3719 867 3785 ab
889 3717 948 3784 illa
975 3719 1148 3786 universae
1171 3717 1256 3786 civi·

141 3823 219 3888 tatis
243 3822 373 3913 specie,
401 3823 586 3915 prudenter
605 3831 677 3890 tum
702 3843 744 3890 eo
767 3821 871 3907 cavit,
905 3821 999 3912 quod
1021 3822 1181 3890 feminam
1201 3823 1255 3890 iu-

103 3972 105 3976 ·
141 3923 307 4012 troduxit,
348 3947 436 4015 qnae
461 3928 597 3996 absente
628 3949 712 4017 rege
737 3925 918 4017 imperium
947 3923 1176 3994 administrare
1198 3924 1256 3994 'vi-

142 4026 296 4115 deretnr,
336 4039 408 4097 tum
443 4029 538 4100 haud
570 4040 697 4101 temere
734 4029 832 4097 toties
868 4052 933 4119 per
968 4027 1112 4097 chorum
1148 4030 1257 4119 repeti

139 4129 226 4205 fecit
253 4132 458 4202 mentionem
490 4142 634 4204 matrum
661 4142 696 4204 et
725 4132 926 4229 coniugum,
966 4130 1041 4200 liliis
1068 4141 1103 4200 et
1132 4134 1257 4202 maritis

141 4235 346 4305 orbatorum.

15 4347 16 4354 ’
117 4380 121 4388 ·
241 4338 314 4410 Sed
333 4337 536 4410 videamus
527 4361 611 4427 ram,
636 4361 701 4430 qua
726 4339 830 4408 arte
820 4362 856 4409 ιιι
875 4339 1011 4436 singulis
1030 4269 1180 4434 pertibus
1199 4339 1255 4408 fa-
