3078 5026
279 189 288 229 i

260 356 331 422 ‚aar
555 354 615 420 na
641 341 878 420 ansonem
905 301 1079 418 nansia.

263 525 457 620 ingeniique
470 525 622 598 sollertia
641 525 875 618 excellentior,
900 525 960 598 sed
980 523 1201 597 uenerabilior
1220 523 1322 596 etiam
1335 523 1375 594 iir
1486 560 1491 577 ·

125 635 128 644 ’
266 631 439 701 virtutibus
463 638 552 718 erat,
586 630 708 721 quibus
734 630 920 722 praecipue
949 628 1096 710 bominis
1123 628 1268 721 dignitas
1288 651 1375 700 can-

264 733 396 802 tinetnr.
443 732 552 804 lustns
574 733 635 802 ille
655 755 738 826 erga
759 754 892 820 omnes,
916 731 951 801 in
973 733 1109 804 irrimioo
1128 732 1255 823 pariter
1273 739 1376 822 atque

266 837 377 908 amico
398 835 576 923 laudabat,
615 857 704 926 quae
731 834 902 906 laudanda
930 843 1055 921 efflent,
1092 833 1376 926 reprehendebat,

264 961 354 1030 qnae
372 938 670 1031 reprehendendar
710 948 860 1008 abeouns
888 937 923 1008 in
948 937 1110 1008 servande
1130 936 1222 1023 tide,
1246 937 1376 1008 nuliam

265 1041 476 1114 detrectabat
493 1041 701 1124 molestiam
725 1042 993 1133 promptissimus
1013 1040 1049 1109 in
1070 1039 1268 1112 adiurandis
1292 1040 1375 1126 aliis,

264 1145 362 1214 nullo
388 1166 453 1214 neo
483 1144 685 1238 dignationis
709 1167 773 1216 nec
805 1144 944 1216 anitiae
970 1143 1177 1229 discrimine,
1212 1143 1375 1220 maximos

264 1247 355 1318 ultro
375 1247 510 1317 subibat
523 1249 673 1328 labores;
710 1249 755 1316 ab
777 1249 869 1318 omni
895 1247 984 1316 fastu
1006 1257 1041 1316 et
1066 1246 1211 1316 mnitate
1234 1247 1374 1332 alienus,

264 1372 376 1440 neque
395 1349 625 1420 admirabatur
643 1358 822 1441 potentes,
854 1372 965 1440 neque
981 1350 1177 1442 cuiusquam
1195 1348 1287 1418 adeo
1307 1349 1376 1418 bn-

263 1453 380 1534 milem
396 1455 539 1544 putabat
557 1453 784 1524 conditionem
813 1475 902 1540 esse,
933 1452 1014 1543 quin
1038 1454 1070 1522 ei
1093 1460 1130 1522 et
1152 1450 1274 1520 eadem
1293 1451 1377 1520 offi-

264 1556 337 1642 cia,
363 1565 399 1626 et
410 1555 486 1648 pari
504 1577 583 1628 cnm
595 1555 814 1644 humanitate,
839 1577 880 1626 ac
895 1555 1099 1626 nobilissimo
1114 1555 1247 1645 cuique,
1272 1577 1375 1646 prae·

263 1668 381 1740 staret3
413 1659 561 1729 liberalis
586 1667 620 1729 et
641 1660 685 1728 ab
704 1659 790 1730 lucri
809 1658 992 1752 cupiditate
1011 1659 1169 1743 intactas,
1201 1679 1376 1732 succurre-

263 1761 342 1848 bat,
368 1783 583 1852 quocumque
604 1761 710 1832 modo
734 1771 868 1855 posset,
893 1762 1087 1855 egentibus,
1112 1762 1374 1833 acerbe'notans

244 1885 400 1951 avaros,
434 1872 495 1946 ant
524 1865 553 1934 si
577 1866 671 1955 qnia,
704 1887 825 1935 aarum
855 1869 983 1958 probro
1011 1887 1125 1936 emere
1151 1885 1221 1934 non
1252 1865 1376 1934 erube-

264 1989 377 2053 scens,
409 1989 450 2037 ex
475 1967 616 2060 publica
649 1967 841 2040 calamitate
860 1963 1011 2060 priuatae
1044 1968 1095 2038 rei
1131 1967 1375 2038 incrementum

264 2078 431 2162 captaret:
462 2071 593 2163 qnippe
611 2079 713 2164 turpe
737 2070 902 2159 ducebat,
934 2093 1037 2162 qaam
1057 2070 1200 2163 quisque
1220 2091 1377 2142 commu·

264 2173 315 2242 nis
332 2173 414 2244 mali
434 2183 567 2266 partem
594 2174 684 2245 ferre
711 2171 867 2263 deberet,
900 2176 1075 2266 imponere
1097 2174 1186 2261 aliis,
1217 2176 1376 2263 civesque

262 2276 375 2369 ipsam
394 2298 471 2346 suos
482 2276 628 2348 reddere
641 2277 840 2352 tnbntarios.
893 2278 988 2364 Quid
1008 2286 1120 2350 antem
1141 2277 1265 2364 dicam,
1290 2275 1377 2348 ami·

264 2380 313 2450 cia
330 2381 466 2470 qualem
486 2403 522 2450 se
541 2381 761 2473 praebuerit?
784 2381 905 2472 quibus
927 2380 1091 2473 quidquid
1111 2380 1168 2450 rel
1192 2379 1376 2454 secundnm

262 2483 320 2552 vel
333 2483 510 2554 adversum
521 2483 710 2571 ‘accideret,
735 2485 784 2552 ita
806 2483 852 2554 ad
874 2509 911 2556 se
927 2485 1037 2577 ipsum
1056 2485 1225 2576 pertinere
1244 2482 1376 2554 indica-

263 2585 343 2672 bat,
368 2595 407 2657 ut
420 2608 531 2676 neque
543 2586 578 2655 in
592 2589 763 2679 prosperis
779 2589 878 2656 rebus
894 2589 961 2678 ipsi
976 2587 1084 2678 magis
1097 2586 1249 2678 gaudere
1262 2587 1376 2678 amici,

263 2710 368 2779 quam
388 2688 485 2758 illum
512 2689 673 2761 laetatum
698 2689 867 2775 viderent,
907 2690 1094 2781 potuerint,
1133 2710 1216 2773 nac,
1256 2688 1378 2777 siqua

234 2783 238 2788 ’
263 2789 442 2883 aegritudo
462 2792 643 2878 incideret,
675 2794 787 2862 autin
809 2791 1015 2863 consolando
1037 2791 1213 2882 qnisquam
1239 2789 1377 2860 officio-

263 2893 348 2979 sior,
373 2894 478 2964 autin
489 2895 681 2966 ndiuvando
702 2895 872 2964 sollertior
890 2895 1065 2988 magisque
1079 2893 1261 2963 indefessus
1273 2916 1377 2984 repe-

130 3019 134 3040 ’
262 2997 391 3068 riretur.
452 2997 546 3083 Quid
572 2997 718 3087 deniqne
745 2996 916 3066 familiaris
945 2995 1189 3068 consuetudinis
1215 2996 1376 3067 deeomnr

262 3098 482 3186 hilaritatem,
513 3122 772 3191 sermonumque
795 3101 958 3169 urbanam
979 3099 1193 3172 dicacitatem
1223 3121 1378 3171 comme·

220 3217 413 3291 tumorem,
428 3227 515 3294 qnae
528 3206 707 3274 coniuncta
722 3226 801 3273 enm
816 3225 944 3272 summa
953 3203 1055 3274 animi
1065 3204 1250 3275 sinceritate
1266 3201 1378 3270 onmi-

262 3307 325 3376 bus
345 3329 424 3376 enm
448 3306 615 3378 reddebat
636 3305 930 3397 acceptissimum?
962 3307 1043 3378 Tali
1061 3307 1165 3398 igitur
1185 3308 1258 3374 viro
1280 3303 1394 3374 nobis¹

263 3418 401 3502 erepto,
440 3432 546 3500 quum
574 3409 680 3479 luctui
705 3419 820 3477 nostro
847 3410 1137 3501 attemperandam
1156 3407 1388 3478 *sollemnium

261 3521 452 3583 nostrorum
478 3511 740 3585 celebrationem
768 3511 1007 3599 censuerimus,
1033 3511 1157 3597 Vobis,
1190 3509 1378 3604 Magnifice

261 3614 627 3701 RectorAcademiae,
653 3614 839 3708 gravisdmi
853 3615 1023 3706 utriusque
1043 3614 1267 3705 reipublicae
1289 3615 1378 3682 Pro·

262 3737 366 3805 ceres,
390 3719 550 3792 mrissirni
560 3717 831 3808 commilitones,
856 3729 1029 3811 paramum
1047 3721 1083 3788 in
1097 3719 1250 3788 conclavi
1264 3725 1378 3789 nostro

262 3823 298 3891 d.
311 3823 402 3892 XXI.
427 3822 547 3894 mensis
569 3821 746 3892 Februarii
759 3823 962 3894 creationem
978 3823 1214 3915 magistrorum
1228 3844 1285 3906 ea,
1310 3841 1402 3910 qna,

261 3947 327 4020 par
342 3933 410 4011 est,
435 3924 645 3996 observantia
661 3922 899 4015 significamus.

718 4263 921 4286 m
