3078 5026
226 323 273 386 88
561 313 1005 376 ossnnscflrnr

229 509 298 557 non
326 485 435 555 solum
463 507 529 577 pro
554 508 613 554 sna
636 486 778 575 quisque
797 433 959 554 facultate
982 481 1039 552 alii
1058 481 1154 550 aliter
1177 480 1338 566 indicant,

229 590 290 660 sed
305 589 425 673 imme,
451 597 598 658 mentem
612 589 781 679 scriptoris
795 588 830 654 ib
844 588 1032 656 universum
1052 586 1242 676 percepisse
1254 605 1339 652 con-

228 693 328 777 tenti,
353 691 390 759 id
410 691 521 783 ipsum
541 690 617 760 satis
638 713 709 760 esse
727 690 773 759 ad
794 688 1001 759 laudandum
1021 711 1099 756 eum
1126 687 1178 755 vel
1206 687 1340 777 vitupe-

228 794 371 864 randum
399 794 591 864 existimant.
648 793 718 878 Qui
747 814 840 862 error
875 815 979 882 quum
1002 791 1096 861 nullo
1120 789 1156 856 in
1177 790 1341 880 scriptore

228 899 310 967 levis
330 897 388 982 sit,
415 897 625 989 gravisdmus
648 905 698 965 est
715 895 750 962 in
768 896 808 964 iis
821 895 1056 1014 scriptoribus,
1081 913 1226 981 qnorum
1238 915 1343 984 prae-

229 1000 329 1092 cipua
343 1000 464 1118 virtus,
490 1009 527 1067 ut
539 1007 717 1090 poetarum
740 1007 774 1067 et
796 1008 977 1082 oratorum,
1002 996 1037 1064 ἱιι
1052 995 1198 1064 dictione
1220 997 1340 1064 elucet

228 1105 319 1174 Nam
342 1102 400 1191 q'ni
423 1103 560 1194 linguae
586 1103 774 1184 scientiam,
813 1102 907 1192 quod
929 1119 1007 1168 sane
1029 1100 1156 1168 faciunt
1179 1097 1342 1182 nonnulli,

229 1205 266 1274 in
290 1227 332 1274 eo
356 1205 534 1274 consistere
557 1213 693 1298 putant,
719 1213 757 1273 ut
783 1207 856 1294 quis
882 1189 1140 1296 significationes
1161 1202 1343 1269 verborum

204 1313 268 1376 det
291 1308 552 1392 constructiones
572 1317 702 1392 teneat,
727 1321 792 1376 nae
813 1308 863 1376 illi
878 1329 1000 1399 pamm
1016 1305 1189 1398 cognitum
1204 1305 1343 1391 babent,

230 1410 327 1501 quod
355 1411 396 1479 sit
421 1411 608 1503 interpretis
634 1410 804 1479 cilicium:
842 1433 944 1499 quem
973 1408 1061 1478 illud
1089 1429 1226 1497 quoque
1258 1407 1343 1478 scire

230 1522 385 1604 oportet,
411 1537 514 1603 quam
530 1515 598 1582 vim
612 1523 646 1582 et
661 1521 865 1607 potestatem
884 1533 1039 1603 quaeque
1054 1510 1217 1600 loquendi
1232 1511 1343 1579 forma

129 1687 132 1690 .
166 1641 171 1652 ’
195 1655 199 1672 ·
229 1613 372 1702 babeat,
398 1639 441 1685 ne
460 1617 597 1706 poetica
616 1638 694 1685 curn
716 1617 944 1708 pedestribus,
960 1615 1058 1682 ‘serio
1082 1614 1173 1683 dicta
1194 1635 1272 1682 cum
1290 1613 1343 1681 ln·

230 1717 348 1802 dicris,
382 1717 541 1807 exquisita
567 1741 645 1788 cunr
669 1721 884 1812 vulgaribus,
926 1705 1043 1810 gravia
1072 1738 1150 1785 cum
1177 1717 1343 1800 tenuibus,

230 1820 373 1913 grandia
402 1841 481 1890 cum
502 1821 641 1890 exilibus
662 1823 872 1911 permisceat.
935 1820 1033 1904 Quae
1058 1819 1118 1908 qui
1137 1819 1344 1910 distinguere

229 1923 397 2009 nesciunt,
421 1924 656 1992 tantummodo
679 1924 724 1994 de
749 1949 816 2013 qna
836 1947 875 1992 re
897 1924 970 2012 quis
992 1923 1132 2007 scribat,
1170 1945 1239 1991 non
1261 1919 1345 2011 quid
1390 1949 1393 1959 ¹

151 2088 155 2100 .
230 2026 369 2111 scribat,
402 2027 536 2105 ,nedum
560 2027 734 2115 quomodo
763 2028 904 2111 scribat,
938 2025 1139 2117 intelligunt.
1199 2025 1345 2114 Exque

115 2171 121 2196 ι
230 2130 460 2219 consequitur,
488 2140 542 2214 ut,
568 2131 629 2198 nisi
646 2138 718 2198 tota
735 2129 789 2198 ria
806 2155 827 2197 a
846 2138 958 2199 mente
973 2128 1180 2216 consilioque
1201 2130 1347 2221 scripto-

228 2232 272 2300 ris
286 2233 456 2317 aberrent,
482 2242 572 2303 certe
591 2239 660 2302 ιἰοιι
674 2233 937 2304 animadvertant
956 2224 1084 2319 omnia,
1111 2253 1254 2320 quorum
1280 2231 1347 2298 ali-

229 2335 324 2427 quod
342 2335 376 2403 in
394 2335 575 2405 iudicando
597 2346 805 2408 momentum
824 2339 875 2408 sit.
932 2335 1067 2428 Insigne
1091 2334 1233 2419 borum,
1259 2355 1347 2425 quae

229 2437 315 2522 dixi,
352 2439 543 2530 exemplum
568 2441 733 2533 praebent
760 2438 923 2530 Aeschyli
953 2441 1092 2509 Persae:
1127 2438 1180 2508 cui
1209 2437 1347 2506 fabulae

228 2539 425 2610 incredibile
447 2542 540 2611 dictu
564 2553 612 2612 est
636 2566 739 2630 qnam
758 2543 981 2634 repugnantia
1003 2541 1204 2629 contigerint
1223 2541 1348 2607 docto-

229 2665 306 2712 rum
328 2642 468 2713 iudicia:
494 2667 579 2734 quos
603 2646 629 2714 si
646 2645 778 2730 audias,
803 2637 929 2713 nescias
949 2643 1124 2731 profecto,
1150 2651 1261 2709 utrum
1282 2640 1347 2707 ad-

229 2745 342 2814 mirari
366 2769 506 2836 gravem
535 2747 656 2817 eximia
679 2748 878 2816 sublimitate
900 2744 1131 2836 tragoediam,
1171 2767 1214 2810 an
1236 2744 1348 2814 ridere

229 2847 462 2934 comoediam,
488 2850 679 2920 scurrilibus
703 2852 787 2918 iocis
809 2851 1021 2935 obscenaque
1043 2846 1249 2936 turpitudine
1270 2848 1347 2940 ple-

228 2972 325 3034 nam,
352 2961 516 3042 oporteat.
567 2954 687 3040 Neque
709 2974 790 3021 vero
809 2952 887 3034 hic,
913 2950 1009 3039 quod
1026 2949 1105 3018 alias
1130 2951 1166 3016 in
1191 2949 1251 3016 tali
1271 2971 1348 3016 sen-

228 3054 406 3124 tentiarum
436 3055 659 3146 discrepantia
677 3041 811 3124 'factum
834 3053 1005 3139 videmus,
1035 3074 1153 3124 verum
1174 3053 1210 3121 in
1232 3052 1347 3122 medio

132 3211 135 3234 ι
228 3157 376 3249 positum
397 3165 464 3244 est,
490 3158 569 3242 sed,
595 3158 663 3226 nisi·
677 3151 962 3250 egregie'fallor‚
987 3157 1036 3224 ita
1058 3164 1167 3224 totum
1183 3157 1227 3224 ab
1244 3155 1350 3224 altera

228 3267 327 3352 parte
348 3269 429 3347 stat,
460 3251 499 3328 ut
524 3261 555 3328 ei
574 3284 618 3327 ne
635 3263 712 3328 satis
736 3259 875 3350 quidem
896 3260 1025 3328 factum
1049 3258 1210 3327 videatur.
1260 3259 1349 3328 Nam

228 3384 313 3431 unus
336 3362 414 3448 ille,
454 3363 512 3453 qui
533 3363 622 3433 bane
650 3364 803 3431 fabulam
825 3363 871 3431 ad
896 3360 1094 3431 comoediae
1122 3360 1349 3428 humilitatem

230 3465 421 3578 deprimere
442 3475 580 3536 conatus
598 3474 687 3551 erat,
713 3476 747 3533 et
769 3465 931 3534 refutatus
955 3474 1003 3532 est
1022 3466 1065 3532 ab
1088 3465 1180 3551 aliis,
1208 3473 1241 3531 et
1263 3464 1349 3555 ipse,

228 3577 267 3639 ut
286 3569 406 3660 spero,
432 3569 571 3637 mutavit
592 3570 802 3638 sententiam.
830 3591 871 3638 ex
894 3548 1128 3638 defensoribus
1145 3578 1269 3661 poetae
1286 3588 1349 3633 au-

229 3674 334 3741 tem
323 3695 371 3790 rs,
397 3673 456 3761 qui
479 3695 563 3763 prae
578 3673 716 3742 caeteris
731 3673 866 3741 virtutes
882 3671 981 3741 huius
997 3671 1134 3739 fabulae
1153 3670 1347 3754 declaravit,

231 3774 384 3863 quamvis
406 3775 536 3844 erudite
559 3785 659 3863 atque
680 3776 857 3867 eleganter
876 3799 917 3842 ea
943 3776 1042 3843 dere
1065 3773 1270 3865 disseruerit,
1295 3781 1349 3839 ta-
1396 3771 1399 3784 '

230 3898 328 3960 men,
355 3900 458 3965 quum
475 3878 520 3946 ad
535 3877 720 3968 quaedam,
747 3901 835 3966 quae
850 3878 959 3966 magis
979 3876 1154 3949 recondita
1170 3883 1254 3959 sunt,
1280 3896 1349 3941 non

161 4013 163 4026 =
232 3978 429 4067 attenderit,
456 3981 618 4050 nonnulla
636 3982 846 4074 praeteriisse
863 3978 1012 4063 videtur,
1037 4000 1124 4066 quae
1146 3978 1191 4046 ad
1212 3978 1349 4047 laudem
1381 3989 1383 3994 ’

108 4093 112 4102 “
230 4090 356 4172 poetae
383 4093 484 4172 atque
513 4085 767 4152 admirationem
795 4105 863 4149 non
884 4083 958 4150 leve
982 4091 1189 4149 momentum
1211 4081 1349 4149 habent.

231 4184 352 4273 ltaque
382 4208 451 4252 non
481 4187 701 4256 iniucundum
730 4185 924 4254 hominibus
951 4184 1100 4253 litteratis
1124 4186 1199 4260 fore
1224 4182 1351 4274 putavi,
1452 4207 1455 4212 ·

233 4287 278 4375 si,
303 4286 372 4360 hac
396 4287 513 4356 oblata
534 4289 701 4394 scribendi
719 4287 1240 4383 opportunitate,quaestionem
1257 4287 1352 4358 ulam
