3058 5046
542 387 892 454 ulssuurlT10.³
1194 389 1258 456 lat

143 565 261 653 bulae,
286 572 321 632 et
342 564 450 632 omnis
468 561 682 654 mythologie
706 559 826 650 docet,
850 564 887 633 in
906 565 1079 654 eo'posita
1093 565 1194 649 esset,
1219 571 1258 637 ut

142 668 219 736 rudi
238 690 317 736 sanc
340 676 546 735 tentamento
568 690 620 736 res
643 689 777 754 omnes,
811 667 925 756 quoad
946 669 1016 737 eius
1033 667 1107 736 fieri
1131 675 1257 758 posset,

141 772 175 838 in
198 771 580 863 personasanimarent:
612 776 889 856 cousentaneum,
914 771 1019 838 immo
1036 770 1257 838 necessarium

143 882 231 959 erat,
256 873 361 941 uthis
381 874 547 965 personiS,
573 895 642 962 quo
669 872 751 961 quid
772 873 835 941 sibi
854 873 980 942 vellent
1003 873 1256 965 intelligeretur,
1382 915 1383 920 κ

141 977 277 1045 nomina
308 979 522 1068 imponerent
551 985 691 1044 naturae
726 997 841 1045 earum
872 976 1109 1048 convenientia.
1176 976 1255 1059 Quo

141 1077 271 1148 lactum
288 1088 356 1166 est,
381 1090 419 1148 ut
438 1087 617 1170 poetarum
636 1101 765 1164 sermo,
814 1080 885 1149 uod
908 1080 952 1148 ad
975 1079 1110 1147 nomina
1131 1077 1255 1163 attinet,

140 1205 277 1275 prorsus
305 1207 325 1250 a
353 1183 523 1251 communi
548 1173 702 1250 sermone
725 1182 872 1250 diversus
897 1191 998 1251 esset:
1038 1203 1140 1272 quern
1170 1201 1255 1270 pro-

139 1295 259 1376 pterea
277 1285 438 1370 deorum,
470 1285 622 1353 utillum
640 1284 817 1353 hominum
840 1286 992 1377 linguam
1015 1283 1186 1354 dicebantt
1217 1281 1255 1350 id

138 1389 237 1479 quod
256 1390 360 1456 ‘etiam
383 1387 549 1456 islandiae
561 1385 690 1456 incolas
712 1388 831 1456 fecisse
844 1395 1044 1456 monuerunt
1058 1389 1256 1478 interpretes

139 1492 185 1560 ad
198 1491 295 1562 lliad.
311 1519 346 1565 α.
362 1491 448 1560 403.
501 1489 671 1575 Quoniam
684 1500 795 1560 autern
807 1513 911 1582 penes
924 1499 1042 1582 poetas
1059 1490 1166 1557 omnis
1184 1497 1255 1556 erat

138 1618 251 1664 rerum
272 1594 456 1663 divinarum
476 1593 765 1683 humanarumque
780 1595 935 1688 scicntia,
960 1616 1027 1661 non
1051 1601 1100 1660 est
1120 1592 1254 1674 mirum,
1335 1581 1337 1594 '

9 1769 10 1774 ,
138 1719 182 1767 ex
203 1697 328 1765 horum
348 1698 519 1767 auditione
539 1697 788 1767 commenticias
818 1698 892 1766 illas
920 1696 1165 1788 appellationes
1188 1715 1253 1783 pro

100 1839 107 1854 ι
136 1801 334 1892 vulgaribus
353 1803 550 1884 obtinuisse,
585 1809 619 1868 et
640 1802 688 1869 ita
706 1799 864 1889 quidem,
898 1809 936 1868 ut
958 1783 1094 1868 inddcta
1122 1805 1156 1866 et
1178 1817 1254 1865 cre-

137 1904 221 1972 dula
239 1904 438 1991 multitudo,
463 1903 640 1997 paullatim
663 1904 859 1973 obliviscens
881 1903 1025 1971 veritatis
1043 1899 1166 1969 fabulis
1182 1900 1280 1966 istisb

136 2008 323 2093 involutae,
356 2009 456 2077 etiam
477 2010 552 2098 ipsa
574 2016 764 2076 commenta
781 2015 960 2099 poetarum
989 2027 1069 2076 vera
1091 2025 1161 2072 esse
1190 2001 1257 2070 sibi

135 2110 365 2202 persuaderet.

225 2314 422 2385 ¹Diiiicilior
442 2321 492 2380 est
509 2313 737 2406 interpretatio
765 2309 966 2380 fabularum.
1025 2309 1124 2396 Quae
1147 2330 1252 2399 quum

134 2427 210 2488 tota
223 2417 295 2484 fere
311 2441 351 2484 ex
370 2415 557 2484 nominibus
572 2414 720 2506 petenda
734 2416 793 2502 sit,
819 2437 887 2482 non
902 2411 1007 2481 modo
1032 2420 1175 2504 propter
1193 2433 1255 2478 ve-

133 2529 295 2590 tustatem
325 2519 497 2588 nominum
522 2520 729 2610 perobscura
756 2538 857 2609 saepe
887 2525 989 2604 atque
1013 2515 1172 2606 ambigna
1195 2520 1255 2596 est,

136 2623 199 2694 sed
221 2623 321 2692 etiam
342 2630 484 2715 propter
505 2633 630 2708 rerum,
653 2643 740 2710 quae
762 2619 949 2688 nominibus
974 2618 1039 2686 illis
1058 2616 1253 2709 significan-

134 2738 200 2814 tur,
227 2726 450 2794 diversitatem
470 2724 566 2793 haud
582 2725 741 2816 ‘paullum
762 2717 977 2792 dubitationis
998 2721 1114 2788 habet.
1164 2719 1253 2786 Nam

135 2853 242 2921 quum
261 2829 330 2898 duo
354 2831 418 2899 sint
442 2851 555 2897 rerum
584 2849 727 2920 genera,
765 2849 868 2895 unum
889 2824 1122 2918 singularium,
1157 2819 1253 2910 quod

136 2933 271 3003 nomina
297 2933 437 3024 propria
461 2931 585 3017 habet,
616 2941 653 3000 ut
674 2930 758 2999 certi
779 2929 933 2998 homines
956 2928 1085 3012 locive,
1111 2926 1253 2994 alterurn

137 3038 320 3124 infinitum,
365 3036 459 3126 quod
492 3036 725 3105 communibus
756 3021 950 3126 appellatur
969 3029 1175 3112 nominibus,
1216 3031 1254 3094 ut

136 3149 285 3226 montes,
323 3140 441 3223 silvae,
473 3139 628 3222 flumina,
657 3159 783 3220 naves,
818 3144 876 3202 aut
903 3133 1084 3201 hominurn
1103 3138 1252 3212 munera,

138 3214 458 3326 officiafvirtutes,
491 3242 589 3308 vitia:
624 3238 695 3307 hoc
719 3238 883 3328 posterius
909 3234 1048 3324 quidem
1068 3254 1192 3324 genus,
1226 3231 1253 3298 si

135 3346 287 3439 personis
307 3343 515 3432 induendum
542 3349 630 3425 erat,
654 3340 839 3408 necessario
862 3337 948 3407 fictis
970 3336 1173 3427 quibusdam
1188 3355 1254 3399 no·

136 3450 297 3534 minibus,
315 3437 416 3537 ¹quae
439 3446 482 3514 ad
503 3445 595 3513 hunc
616 3445 719 3512 linem
745 3454 825 3535 apta
845 3449 969 3525 essent,
993 3439 1186 3528 indigebat:
1218 3433 1253 3500 in

135 3553 197 3620 illo
210 3555 325 3643 priore
339 3561 449 3618 autem
473 3571 599 3640 genere
616 3546 709 3616 nulla
728 3544 923 3614 huiusmodi
945 3550 1087 3632 apparet
1109 3535 1253 3605 necessi-

135 3667 194 3724 tas.
246 3656 292 3724 Et
314 3654 471 3746 profecto
494 3651 649 3720 locorum
669 3658 760 3717 certe
781 3647 917 3715 nomina
937 3667 978 3712 aa
1000 3664 1070 3711 esse
1091 3639 1252 3722 videmus,

135 3759 256 3848 quibus
277 3780 357 3827 vere
376 3764 452 3824 sunt
472 3753 523 3821 illi
547 3753 617 3820 loci
640 3751 820 3842 appellati:
851 3757 889 3816 ut
909 3755 983 3833 aut,
1015 3746 1043 3812 si
1066 3742 1153 3810 haec
1172 3763 1254 3808 vera

136 3869 228 3945 sunt,
259 3861 359 3929 etiarn
378 3859 555 3926 hominum
568 3855 705 3923 nomina
724 3876 804 3922 vera
820 3851 959 3921 credere
984 3852 1162 3938 oporteat,
1185 3850 1252 3927 aut,

135 3963 296 4055 quoniam
326 3964 371 4030 de
395 3961 588 4030 hominibus
617 3979 685 4026 non
716 3965 765 4024 est
791 3953 970 4036 credibile,
1009 3949 1081 4024 loci
1115 3966 1253 4035 quoque

137 4067 285 4136 debeant
309 4066 397 4134 fictis
417 4064 606 4132 nominibus
626 4061 739 4130 vocati
761 4082 851 4144 esse,
883 4066 941 4125 aut
961 4053 1123 4140 denique,
1156 4047 1252 4138 quod

19 4191 23 4204 ’
137 4172 249 4238 solum
263 4167 430 4256 reliquum
451 4175 519 4250 est,
544 4167 699 4234 locomm
719 4162 819 4229 aliam
841 4182 928 4254 esse,
954 4151 1056 4246 qu'am
1076 4152 1252 4220 hominum

138 4272 364 4342 conditionem
387 4289 522 4351 necesse
543 4267 593 4334 sit
644 4267 692 4334 Et
711 4267 858 4332 ita‘sane
879 4261 985 4330 videri
1002 4265 1122 4349 potest.
1173 4253 1253 4320 Ηο-

138 4377 243 4448 mines
264 4367 353 4446 ‘errim
368 4371 570 4460 moriuntur,
596 4368 801 4458 mortuisque
827 4363 912 4435 nihil
927 4369 1062 4458 praeter
1083 4360 1251 4428 factorum
