3078 5026
438 400 444 413 ,
545 341 862 408 olssrurarro
888 347 923 408 ll.
1220 351 1286 417 lto

174 511 380 584 Eustratium
413 517 502 586 male
537 517 611 610 legi
649 517 797 608 videtur,
852 515 910 590 ἐπὶ
944 515 997 612 τρῖ
1032 517 1105 591 coia
1145 543 1293 614 μοοομ,

171 616 243 690 acia
285 619 494 714 περιφέρειν
525 615 613 695 aava?
649 624 799 696 anastas
834 640 939 708 quare
979 621 1175 717 προφέρειν
1214 644 1282 713 po·

172 720 256 788 sui*
290 721 324 788 A
348 743 417 809 qno
446 721 582 792 crimine
611 746 716 813 quum
735 746 883 815 ¹prorsas
913 721 1081 790 diversum
1106 723 1147 790 sit
1182 725 1280 812 illud,

160 821 267 912 ¹quod
284 823 318 889 in
331 823 572 894 Emuenidibas
581 827 804 917 culpabatur,
830 825 976 896 dubitari
989 825 1124 916 poterit,
1150 848 1192 893 an
1207 829 1328 916 Ae-z't

170 925 308 1016 schylus
325 928 460 995 omnino
481 937 623 1020 propter
636 931 840 998 Eumenides
857 950 927 999 non
948 929 990 996 sit
1009 927 1045 1000 iu
1061 927 1113 996 ius
1133 938 1282 1000 vocatus.

169 1027 361 1098 Fatendum
377 1039 426 1098 est
447 1032 551 1116 enim,
578 1042 670 1104 certo
688 1033 812 1104 indicio
825 1033 870 1101 de
884 1030 952 1100 hac
973 1053 1011 1099 ra
1031 1052 1099 1098 non
1116 1041 1282 1117 constare,

169 1154 295 1221 quum,
328 1133 443 1222 quiid
466 1136 747 1221 testarividetur,
778 1135 937 1227 Apsines‚
971 1156 1050 1202 eum
1076 1135 1220 1225 suspicio
1240 1135 1283 1204 sit

168 1257 238 1303 non
256 1256 407 1305 caussam
427 1237 462 1305 in
474 1237 599 1308 iudicio
619 1239 801 1328 aliquando
818 1240 1049 1327 disceptatum,
1074 1238 1136 1304 sed
1151 1237 1280 1308 exerci-

168 1338 300 1406 tationis
321 1358 438 1410 caussa
457 1341 491 1408 in
519 1342 643 1412 scholis
669 1341 845 1410 rhetomm
866 1339 1013 1432 proponi
1031 1339 1162 1408 solitam
1181 1361 1279 1410 com·
1382 1373 1384 1382 ι

168 1462 381 1510 memorasse
434 1442 650 1534 Quamquam
669 1469 712 1513 ea
732 1469 784 1514 res
804 1445 888 1512 nihil
907 1441 1068 1534 impedit,
1090 1444 1175 1538 vquin
1198 1465 1289 1520 vere.

168 1545 205 1612 in
219 1545 270 1612 ius
284 1546 398 1614 vocari
411 1539 774 1638 potneritAeschylust
797 1549 902 1638 idque
916 1545 1051 1616 saneah
1069 1567 1111 1614 eo
1130 1545 1283 1634 aliquam

167 1645 274 1716 habet
287 1647 623 1735 verisimilitudinem,
638 1651 732 1740 quod
746 1660 780 1719 et
792 1652 879 1720 vitae
890 1649 1032 1740 scriptor
1046 1663 1124 1718 eum
1135 1657 1278 1740 propter

165 1757 330 1819 ῖθποιθπι
348 1751 456 1821 choro
467 1754 531 1821 isto
547 1755 726 1825 excitatum
741 1754 932 1825 inSiciliam
945 1753 1137 1844 profectum
1149 1752 1276 1837 scribit,

167 1861 202 1922 et
215 1854 354 1939 Pollux,
379 1855 460 1924 licet
475 1857 561 1926 salsa
574 1857 777 1943 admiscenS,
802 1865 946 1949 propter
957 1854 1113 1924 eamdem
1126 1875 1276 1924 caussam

165 1957 248 2047 lege
265 1957 310 2025 de
325 1957 434 2028 choro
451 1969 586 2028 cantum
602 1985 672 2030 esse
684 1962 795 2030 refert
846 1958 989 2031 Accedit
1014 1956 1059 2028 ad
1079 1955 1166 2026 haec
1188 1957 1286 2048 Epi--

165 2082 321 2151 gramma
336 2061 482 2129 Diodori
502 2064 579 2130 ΧΠ.
598 2065 634 2131 in
652 2063 813 2133 Brunclrii
828 2061 999 2132 Analectis
1017 2061 1061 2130 Τ.
1075 2060 1119 2128 11.
1134 2083 1169 2150 p.
1189 2059 1285 2128 188.-

165 2163 261 2251 quod
290 2186 397 2251 quum
424 2177 560 2256 arguat,
607 2165 731 2232 invidia
756 2163 1011 2234 Atheniensium
1037 2162 1164 2230 factum
1192 2185 1275 2246 esse,

163 2274 201 2333 ut
216 2263 403 2354 Aeschylus
423 2289 492 2333 non
512 2268 547 2334 in
562 2267 670 2359 patria
685 2268 835 2359 sepultus
854 2269 910 2355 sit,
937 2264 1019 2354 quid
1036 2263 1146 2348 aliud,
1172 2285 1276 2352 quam

161 2367 368 2459 Eumenides
388 2369 624 2458 intelligendas
646 2371 868 2457 censebimuS‚
901 2365 1038 2459 quaudo
1058 2387 1100 2432 eo
1122 2366 1197 2454 ipso
1214 2389 1275 2432 an-

162 2491 227 2554 no,
268 2490 337 2558 qno
366 2468 438 2539 hae·
462 2481 537 2538 snut
565 2470 693 2556 editae,
726 2480 934 2562 postremum
960 2467 1100 2536 illudio
1124 2467 1276 2560 Siciliam

162 2575 225 2641 ter
253 2582 445 2662 susceptum
472 2573 549 2642 est?
597 2570 670 2642 Nisi
703 2575 876 2644 Diodorus
905 2570 1006 2643 aliam
1036 2557 1193 2659 sequutus
1225 2579 1275 2640 θεῖ

160 2676 398 2745 narrationem:
429 2678 525 2767 qnod
545 2699 606 2748 cnr
620 2700 804 2766 sumamus,
837 2679 930 2748 nulla
943 2695 1059 2744 caussa
1075 2682 1134 2746 θεῖ
1185 2675 1299 2768 Epi-

159 2801 315 2872 gramma
333 2779 403 2850 hoc
423 2789 490 2849 est.
585 2794 588 2799 ’

261 2926 444 3023 Αἰσχύλον
469 2915 532 3029 ἥδε
556 2935 651 3028 λέγει
675 2931 790 3030 ταφίη
815 2931 930 3014 λίθος
945 2907 1077 3007 ivddda
1100 2938 1247 3006 κεῖσθαι

337 3029 405 3109 cdv
429 3039 562 3129 μέγαν,
590 3035 719 3133 clasiae
740 3029 827 3158 τῆλ
849 3030 924 3109 cluo
952 3035 1168 3132 Κεκροπίης,
1266 3051 1280 3060 ’“

151 3169 160 3196 ι
261 3131 370 3212 iaaac
401 3141 500 3214 Γέλα
524 3143 700 3252 Σικιλοῐο
732 3164 807 3234 παρ
816 3133 985 3211 ’ὕδατα
1038 3135 1093 3215 alc
1131 3129 1278 3234 φθόνος

981 3234 1102 3312 doaoi'r

340 3339 514 3439 &caradoc
543 3336 696 3436 ἀγαθον
729 3341 873 3436 i'yaoroc
898 3340 976 3415 αἰὲν
1000 3368 1097 3434 εχει
1081 3395 1095 3434 ,
1204 3441 1207 3454 ι

156 3494 263 3580 Quod
292 3495 319 3562 si
343 3518 411 3584 qua
432 3503 480 3570 est
502 3495 667 3585 suspicio,
697 3502 842 3586 propter
862 3494 1066 3563 Eumenides
1085 3493 1177 3562 diem
1199 3495 1270 3562 Ae-

157 3597 279 3689 schylo
304 3597 432 3666 dictum
455 3619 543 3681 esse,
571 3607 628 3667 aut
643 3597 696 3664 bis
716 3605 888 3666 accusatus
904 3619 974 3664 esse
994 3594 1182 3664 credendus
1196 3597 1277 3682 erit,

156 3711 215 3769 aut
231 3700 337 3787 illud,
364 3700 408 3767 de
431 3707 500 3788 quo
517 3707 663 3783 constat,
690 3698 850 3767 iudicium
871 3699 971 3766 etiam
995 3698 1040 3766 ad
1063 3698 1268 3768 Eumenides

154 3805 327 3894 spectavit.
378 3803 438 3872 Bis
464 3812 656 3872 accusatum
682 3825 770 3888 esse,
810 3802 855 3871 ab
876 3801 970 3871 nullo
994 3813 1132 3871 auctore
1159 3802 1267 3871 tradi·

153 3915 228 3976 tum
250 3916 316 3974 est:
349 3929 418 3995 qno
445 3906 654 4000 probabilius
681 3905 814 3974 videtur
842 3907 1002 3991 alterum,
1033 3907 1068 3974 in
1097 3926 1166 3996 quo
1196 3930 1265 3974 non

131 4009 261 4079 “modo
285 4008 371 4076 nihil
400 4010 570 4099 estquod
601 4017 795 4103 repugnet,
831 4009 892 4078 sed
921 4009 1032 4078 omnia
1057 4009 1266 4081 consentiunt

153 4111 368 4205 pulcerrime.
418 4115 508 4182 Nam
529 4135 635 4202 quum
653 4114 729 4182 fieri
748 4135 817 4181 non
836 4114 998 4205 potnerit,
1024 4115 1104 4205 quin
1121 4115 1265 4182 insolens

152 4217 212 4285 ille
231 4237 387 4284 numerus
409 4215 603 4301 Furiarum,
644 4217 757 4288 statim,
784 4225 822 4285 ut
848 4216 936 4285 visus
959 4227 1025 4306 est,
1055 4241 1171 4287 omnes
1199 4217 1263 4285 ad-

143 4327 318 4418 ⁸verteret:
353 4318 438 4411 quid
461 4318 599 4407 anirum,
633 4319 659 4390 si
681 4321 921 4395 obtrectatores
946 4322 1127 4414 Aeschyli,
1158 4343 1272 4420 quum·
