3120 5030
313 1543 531 1633 INDEX
591 1535 1131 1628 OPVSCVLORVM.

620 1903 826 1918 m

1237 2221 1252 2258 s
1274 2247 1280 2261 .

172 2373 174 2380 .
191 2315 221 2373 1.
244 2307 287 2366 De
297 2305 478 2386 argumentis
492 2325 548 2386 pro
564 2304 738 2381 antiquitate
752 2302 866 2383 Orphei
883 2302 1154 2378 Argonauticorum
1214 2221 1234 2280 p
1255 2220 1272 2278 g

293 2425 422 2484 maxime
437 2445 455 2478 a
468 2421 706 2498 Koenigsmanno
724 2421 822 2479 allatis
837 2421 1057 2480 dissertatio.
1145 2467 1152 2484 .
1262 2426 1280 2484 1

189 2588 221 2646 2.
244 2580 286 2638 De
298 2579 412 2658 legibus
427 2559 606 2658 quibusdem
619 2539 824 2634 subtilioribus
835 2575 979 2635 sermonis
993 2573 1145 2635 Homerici

294 2698 459 2794 dissertatio
479 2695 576 2778 primu
627 2737 634 2752 .
720 2739 726 2754 .
812 2738 821 2755 .
916 2740 923 2756 .
1010 2740 1018 2758 .
1099 2741 1111 2762 ..
1241 2701 1280 2761 18

189 2857 221 2917 3.
242 2853 286 2914 De
300 2852 411 2932 legibus
425 2849 602 2931 quibusdam
617 2847 823 2908 subtilioribus
839 2849 984 2908 sermonis
1000 2833 1152 2912 Homerici

294 2970 462 3034 dissertatio
478 2967 610 3031 secunda
673 3013 1153 3034 ......
1239 2978 1280 3042 40
1379 3059 1383 3074 .

188 3129 218 3194 4.
242 3120 285 3187 lle
300 3124 443 3206 Aeschyli
459 3124 579 3185 Glaucis
596 3109 764 3184 dissertatio
821 3118 862 3183 .'
914 3171 922 3187 .
1008 3103 1020 3187 ,Ι
1104 3176 1112 3189 ,
1239 3133 1281 3198 59

187 3285 218 3346 5.
241 3281 284 3339 De
294 3279 429 3342 versibus
445 3279 555 3362 spuriis
568 3279 651 3360 apud
665 3278 845 3362 Aeschylum
860 3278 1058 3342 dissertatio.
1145 3331 1153 3344 .
1238 3291 1281 3351 76
1376 3341 1378 3345 .

189 3441 219 3500 6.
241 3435 284 3494 De
299 3432 440 3514 Aeschyli
453 3434 550 3495 Persis
561 3432 759 3520 dissertatio.
823 3483 831 3495 .
917 3479 925 3494 .
1010 3481 1019 3496 .
1104 3438 1146 3506 .’
1240 3446 1280 3507 87

190 3595 218 3654 7.
241 3590 283 3648 De
310 3597 475 3650 metrorum
505 3589 703 3670 quorumdem
731 3609 870 3651 mensura
890 3545 1062 3670 rhythmica
1092 3593 1155 3655 dis-

252 3708 375 3769 sertatio
418 3751 1059 3774 ........
1101 3737 1104 3747 ¹
1146 3760 1154 3775 .
1220 3720 1282 3786 105

188 3868 217 3930 8.
236 3861 281 3923 De
302 3862 395 3924 choro
418 3863 619 3926 Eumenidum
639 3861 782 3944 Aeschyli
803 3861 973 3924 dissertatio
993 3867 1092 3948 prima
1220 3878 1287 3944 124·

186 3998 217 4085 Ι9.
237 4019 283 4095 De
305 4017 398 4080 choro
420 4020 619 4098 Eumenidum
640 4019 783 4101 Aeschyli
804 4019 974 4082 dissertatio
997 4026 1127 4088 secunda
1220 4036 1282 4099 189

172 4179 218 4242 10.
239 4173 283 4234 De
303 4175 490 4255 mythologie
512 4175 696 4238 Graecorum
718 4174 926 4255 antiquissimu
1011 4224 1018 4239 .
1105 4230 1111 4243 .
1219 4193 1280 4254 167

114 4367 115 4374 .
149 4333 216 4394 '11.
238 4330 281 4389 lle
302 4329 444 4392 historiae
466 4333 595 4392 Graecae
615 4331 786 4414 primordiis
807 4332 977 4424 dissertatio
1052 4387 1059 4401 .
1147 4384 1153 4398 .
1220 4341 1282 4406 195
