3120 5030
237 323 844 407 DELEGIB.QV1BVso.svuT1u10R.
866 333 1060 396 SERMONIS
1071 321 1270 398 Hortamur.
1296 335 1338 400 lo

216 501 442 590 Thierscbio,
473 503 547 572 viro
570 507 767 596 praestantis
787 505 928 597 ingenii,
962 505 1114 595 mihique
1139 507 1246 576 veteri
1275 531 1339 577 ne·

217 607 418 710 cessifldine
439 608 715 678 coniunctissimo.
768 609 881 694 Quem
903 633 1007 699 quum
1025 610 1176 679 viderem
1198 613 1232 678 in
1255 611 1338 682 actis

216 710 475 802 philologorum
495 711 750 780 Monacensium
774 711 833 780 de'
848 715 1030 782 verborum
1049 715 1175 799 modis,
1214 715 1337 803 quibus

217 813 311 903 apud
330 814 520 882 Homerum
542 823 698 906 tempora
720 824 754 882 et
776 837 911 885 caussae
931 839 1044 886 rerum
1059 816 1266 902 indicantur,
1292 818 1338 884 ita

217 917 422 1008 disputasse,
449 927 505 1002 ut,
531 917 683 1005 quamvis
704 918 810 986 multa
833 928 932 987 acute
953 909 1148 1003 dissereret,
1174 931 1287 1000 tamen
1303 919 1338 986 in
1362 924 1365 930 ’

216 1020 273 1105 iis,
300 1040 398 1108 quae.
408 1021 503 1108 quasi
516 1021 735 1090 fundamenta
753 1031 828 1089 sunt
842 1022 942 1092 huius
963 1023 1182 1113 quaestionis,
1206 1047 1228 1090 a
1244 1043 1337 1107 vero,

218 1132 257 1191 ut
277 1145 344 1215 ego
365 1123 506 1212 quidem
525 1124 684 1208 arbitror,
711 1125 862 1192 nonnihil
884 1127 1075 1196 recederet:
1100 1141 1169 1194 nou
1191 1125 1337 1194 alienum

218 1249 289 1294 esse
318 1250 338 1294 a
359 1248 497 1312 munere
517 1249 595 1295 meo
616 1227 816 1308 existimavi,
860 1249 999 1299 monere
1020 1231 1074 1298 vel
1096 1229 1338 1308 adolescentes,

218 1329 277 1418 qui
293 1329 421 1398 litteras
443 1330 593 1414 Graecas
618 1333 805 1400 accuratius
832 1353 1040 1423 cognoscere
1067 1343 1248 1423 cuperent,
1281 1330 1338 1399 vel

218 1433 319 1500 alios*
332 1434 449 1517 etiarn,
485 1435 544 1522 qui
570 1434 615 1500 ad
641 1433 886 1502 assentiendum
913 1435 1088 1526 proniores
1119 1444 1242 1519 esseut,
1282 1457 1336 1520 ne,

216 1544 327 1602 tantae
353 1536 560 1604 difficultatis
586 1538 814 1625 quaestionem
841 1560 906 1629 pro
933 1563 971 1606 re
991 1539 1138 1607 iudicata
1163 1538 1336 1624 habentes,

216 1640 403 1706 orationem
423 1649 565 1729 poetae,
590 1663 698 1731 nuper
723 1641 840 1708 exinuia
863 1641 980 1708 Wolfii
1002 1642 1151 1710 sollertia
1173 1665 1193 1709 a
1213 1641 1363 1731 pletis-4

216 1764 283 1829 que
309 1742 462 1810 sordibus
482 1753 683 1832 purgatam,
707 1743 1217 1813 inconsideratiussollicitatum
1240 1746 1337 1812 irent.

215 1845 356 1913 Faciam
385 1856 497 1912 autem
520 1845 589 1938 hoc
611 1847 677 1930 sic,
717 1857 770 1932 ut,
811 1848 970 1934 quoniam
995 1857 1062 1916 tres
1089 1849 1164 1915 illas
1188 1846 1338 1939 regulas,

216 1969 299 2036 quas
315 1949 538 2018 Thierschius
552 1950 746 2040 proposuit,
772 1973 882 2039 neque
901 1951 1084 2042 explicatas
1100 1951 1144 2020 ab
1168 1973 1210 2019 eo
1224 1950 1337 2034 video,

178 2088 184 2101 ι
215 2073 326 2138 neque
340 2052 384 2120 ab
400 2054 492 2119 omni
508 2063 605 2142 parte
619 2076 713 2121 veras
734 2077 804 2122 esse
828 2063 935 2144 puto,
960 2055 1072 2144 primo
1087 2073 1223 2122 omnem
1243 2054 1338 2122 illam

216 2155 382 2221 rationem
402 2156 686 2224 constructionum
706 2159 945 2248 temporalium
966 2159 1002 2225 in
1028 2165 1141 2248 partes
1172 2147 1338 2245 quasdam

217 2255 425 2343 describam,
452 2258 578 2326 deinde
602 2270 715 2331 autem
738 2260 783 2326 de
806 2259 944 2350 singulis
973 2262 1143 2351 partibus,
1177 2268 1339 2348 quantum

215 2359 356 2446 quidem
376 2361 411 2425 in
433 2359 501 2429 hac
527 2362 744 2450 scriptionum
767 2362 1050 2430 Academicarum
1064 2363 1230 2429 brevitate
1247 2361 1338 2446 licet,

216 2461 331 2530 dicam
345 2463 561 2552 explicatius,
584 2484 654 2530 non
669 2483 737 2550 quo
754 2482 842 2532 nova
858 2461 1052 2554 proferam,
1078 2463 1139 2531 sed
1156 2473 1191 2531 ut
1204 2464 1338 2550 faciam,

214 2575 296 2632 nota
318 2587 361 2632 ne
385 2565 478 2632 novis
500 2567 727 2636 obscurentur.

132 2663 133 2666 '
317 2669 372 2736 Ac
406 2670 554 2759 primum
589 2669 729 2758 quidem
756 2667 940 2736 ¹tenendum
966 2679 1031 2754 est,
1066 2669 1338 2754 constructiones,

214 2773 336 2860 quibus
356 2781 513 2862 tempora
529 2781 701 2857 notantur,
726 2793 795 2838 non
809 2774 881 2840 aliis
898 2772 1059 2841 contineri
1071 2773 1209 2863 regulis,
1235 2795 1338 2861 quam

214 2876 594 2960 illas-constructiones,
626 2899 714 2965 quae
737 2877 859 2945 caussis
882 2876 938 2943 vel
963 2876 1087 2944 linibus
1110 2876 1338 2966 significandis

214 2977 402 3046 inserviunt.
466 2979 508 3046 Id
541 2981 645 3064 enirn,
680 3001 721 3046 ex
737 3001 806 3067 quo
823 2968 1081 3048 constructionis
1099 2980 1186 3046 ratio
1199 2979 1338 3069 pendet,

138 3079 140 3085 ’
216 3101 394 3149 commune
417 3080 563 3150 habent:
583 3141 585 3146 .
602 3082 830 3168 conditionem
859 3083 948 3148 dico.
1008 3083 1070 3150 Est
1093 3089 1207 3150 autem
1233 3081 1339 3148 omnis

217 3183 367 3252 conditio
392 3185 485 3269 talis,
511 3194 550 3252 ut
569 3195 627 3252 ant
647 3207 726 3252 vere
747 3205 817 3252 esse
845 3184 974 3275 aliquid
993 3183 1051 3252 vel
1073 3206 1142 3250 non
1166 3207 1255 3270 esse,
1282 3180 1384 3282 aut·

215 3307 315 3378 posse
333 3311 410 3356 esse
428 3288 567 3357 dicatur.
640 3289 720 3377 Hoc
753 3297 962 3378 postremum
985 3309 1095 3354 rursus
1121 3287 1250 3378 duplex
1274 3296 1338 3354 est:

215 3413 294 3458 nam
317 3400 413 3479 qnae
427 3400 565 3482 possunt
585 3413 675 3474 esse,
710 3397 770 3475 et,
793 3393 829 3482 ,si
849 3389 1139 3482 philosophorum
1164 3412 1260 3457 more
1283 3390 1339 3456 lo-

177 3547 180 3554 ,
217 3495 275 3583 qui
313 3494 413 3581 licet,
448 3504 506 3562 aut
533 3495 699 3563 obiective
721 3496 895 3585 possibilia
922 3504 1012 3578 sunt,
1056 3501 1113 3578 aut
1145 3493 1339 3577 subiective,

216 3597 238 3664 i.
262 3620 290 3662 e.
316 3607 354 3664 ut
377 3597 431 3664 ad
445 3609 658 3666 communem
683 3608 821 3688 captum
842 3599 945 3664 verba
973 3594 1249 3678 accommodem,
1282 3605 1338 3662 aut

216 3721 278 3780 nos
294 3701 463 3768 nescimus
472 3712 585 3768 utrum
600 3702 679 3783 sint,
706 3723 828 3781 necne,
854 3699 1000 3787 ideoque
1016 3698 1209 3766 dubitanter
1225 3698 1334 3787 loqui·
1362 3716 1373 3724 ’·

216 3805 312 3888 mur,
337 3826 443 3893 quum
457 3793 644 3872 illa'tamen
659 3825 696 3870 re
717 3827 796 3871 vesa
809 3803 866 3869 vel
892 3803 975 3888 sint,
990 3801 1053 3869 ,vel
1071 3821 1140 3866 non
1164 3799 1244 3882 sint3
1269 3811 1337 3883 aut,

134 3967 141 3982 „
216 3915 327 3974 utrum
349 3908 420 3996 ‚sint
446 3929 571 3993 necne,
609 3930 679 3974 non
713 3906 922 3996 quaerimus,
971 3905 1032 3972 sed
1066 3901 1225 3995 fingimus
1256 3925 1339 3990 esse,

217 4009 316 4077 etiam
348 4010 374 4078 si
400 4033 468 4078 non
491 4013 570 4096 sint,
601 4013 656 4080 vel
679 4023 747 4080 no'n
768 4034 856 4095 esse,
874 4017 876 4023 ‘
891 4010 991 4100 etiam
1014 4007 1040 4074 si
1066 4007 1139 4074 sint.
1190 4008 1261 4100 His
1283 4033 1336 4076 ra·

215 4113 362 4206 tionibus
390 4113 577 4183 indicandis
601 4117 724 4183 inventi
753 4124 828 4182 suut
853 4112 968 4196 modi,
997 4111 1213 4194 indicativus,
1255 4135 1336 4182 con-

200 4212 396 4305 iunctium,
424 4219 601 4308 optativus.
653 4221 712 4291 Εἰ·
731 4211 920 4311 persiccum
929 4269 942 4304 ,
969 4215 996 4283 si
1018 4217 1097 4300 erit,
1125 4214 1221 4302 quod
1244 4214 1336 4285 lutu-

213 4330 380 4409 rumest3
406 4324 441 4394 εἰ
461 4324 626 4418 γένηται,
660 4321 687 4389 si
715 4320 831 4406 fuerit,
868 4312 963 4408 duod
991 4343 1034 4387 au
1063 4328 1258 4386 eventurum
1289 4321 1340 4405 sit,
