3058 5046
260 301 325 386 aaa
473 315 691 386 cuusvut
719 314 881 377 novar
909 313 1156 377 aorrrours

261 487 399 578 quidem
413 487 594 576 vellemus,
619 487 678 577 qui
698 486 918 578 supersedere
932 494 1126 576 quaerentes
1145 485 1290 554 molesto
1311 485 1374 554 illo
1407 577 1411 584 Ι

262 589 386 662 indicis
402 613 463 661 usu
478 592 630 672 sinerent.
681 590 754 660 Sed
774 589 880 676 haec,
907 599 1032 680 coepto
1056 590 1123 658 iam
1150 610 1274 679 opere,
1299 589 1373 658 iru-

262 704 330 766 stra
350 701 515 783 optamus.
567 693 658 778 Quin
675 716 850 778 ‚veremur,
875 717 917 764 ne
938 692 972 760 in
995 714 1083 760 nova
1102 691 1249 762 editione
1272 692 1374 760 etiarn
1407 775 1410 782 1

263 806 427 888 augeatur
439 796 748 884 quaerendilabor:
774 798 820 865 de
834 819 902 886 qua
917 819 956 880 re
976 795 1065 866 infra
1080 793 1240 865 dicemus.
1274 795 1373 865 Nunc

261 897 349 968 illud
374 920 640 968 commemorare
662 900 738 968 satis
768 901 827 983 sit,
871 898 1039 968 interdum
1071 898 1267 998 neglectum
1301 920 1373 966 esse

263 1001 417 1071 ordinem
431 1001 635 1072 litterarum.¹
675 1001 733 1074 Sic
755 1024 791 1093 p
809 1000 894 1072 146.
917 1023 1010 1090 seqq.
1025 993 1114 1070 haec
1135 999 1296 1091 deinceps
1314 1022 1371 1068 ex·
1434 1089 1440 1104 Ι

262 1105 448 1224 plicantur,
497 1097 764 1198 Ariaoo'yodcc,
813 1097 1127 1226 Adroayodo'rqr,
1166 1094 1374 1197 ‘Taspoiyo-

263 1217 343 1296 θος,
368 1199 681 1329 Ϊπιραγαθότης,
706 1199 1093 1302 Αὐθιιιιιραγαθότης,
1110 1199 1373 1326 Λγαθωούνη,

263 1301 481 1400 Ἀγαθικός,
519 1305 731 1401 Αγαθῑνοο,
770 1303 1003 1401 'Eadyadoc,
1040 1301 1254 1401 Ισαγαθοι,
1288 1310 1374 1382 Μι-

257 1405 446 1503 ’σοι’γαθος,
474 1405 730 1503 Ομοᾶγαθοι,
756 1403 999 1503 Πανοῖγαθοι,
1027 1408 1271 1502 Παοαγαθία,
1300 1411 1373 1481 Φι-

264 1507 447 1605 λᾶγαθος,
506 1506 750 1605 Φιλαγάθωο,
811 1511 1048 1632 Φιλαζαθία,
1108 1505 1373 1605 Ἀφιλᾶγαθος,

264 1609 558 1710 Arusepniyadoc,
591 1608 889 1736 Anarpuyo'rioc,
922 1611 1216 1713 Αιιειραγαθία,
1241 1610 1375 1686 ’-·Arrar

266 1719 453 1813 ραγαθέω,
491 1711 737 1814 Anxdyacoc.
838 1785 841 1790 .

367 1921 437 1990 Sed
461 1919 675 1990 dicendum
665 1943 733 1990 ram
755 1928 805 1989 est
829 1920 969 2012 deipsis
998 1919 1223 2007 incrementis,
1256 1920 1375 2010 quibus

245 2031 250 2042 ’
263 2023 467 2114 locupletari
480 2023 538 2094 hic
556 2022 750 2092 Thesaurus
770 2032 911 2114 coeptus
933 2032 991 2092 est.
1042 2024 1198 2109 Quorum
1214 2033 1285 2091 tam
1299 2023 1377 2090 infi-

265 2128 333 2196 nita
350 2127 451 2217 copia
472 2134 536 2212 est,
562 2135 764 2214 eaque-tam
786 2136 941 2196 accurate
959 2136 1117 2211 tractata,
1144 2135 1180 2194 ut
1194 2126 1375 2196 incredibi—

264 2232 333 2306 lem
345 2229 525 2302 Editorum
540 2228 734 2304 industriam
747 2253 790 2300 ac
806 2227 1015 2321 diligentiam
1032 2252 1100 2298 non
1121 2231 1232 2297 solnm
1255 2231 1376 2321 gratis-

264 2333 348 2400 simo
377 2333 489 2402 animo
520 2355 758 2424 agnoscamus,
791 2333 852 2400 sed
874 2333 1018 2402 maxime
1041 2333 1140 2402 etiam
1164 2331 1376 2414 admiremur.

264 2437 311 2506 Et
334 2437 464 2526 primo,
498 2445 632 2526 praetor
653 2459 713 2522 ea,
745 2453 833 2526 quae
854 2436 1048 2510 Editores
1038 2435 1101 2530 apsi
1131 2444 1375 2554 congesserant,

265 2540 387 2629 opibus
410 2562 467 2606 eos
491 2560 568 2608 usos
590 2561 660 2608 esse
690 2561 732 2608 ex
753 2537 918 2608 schedula
939 2539 1037 2607 tertio
1062 2521 1223 2608 fasciculo
1246 2538 1378 2608 adiecta
1518 2609 1519 2614 ,

265 2641 499 2760 cognoscimus
526 2639 718 2725 Schueferi,
752 2643 925 2726 nostratis,
959 2641 1051 2712 cuius
1069 2642 1247 2710 immensas
1263 2643 1377 2734 copias

264 2743 329 2831 ipsi
346 2743 505 2824 uidimus3
537 2741 661 2811 deinde
686 2743 916 2830 Boissonadii,
951 2743 1265 2835 Schweighdaseri,
1305 2743 1377 2814 co-

265 2844 335 2928 uaii,
361 2845 479 2923 Kallii3
502 2851 574 2913 turn
589 2846 857 2915 adnotationibus
875 2847 920 2914 ad
936 2847 1120 2938 Scapulam
1132 2846 1235 2916 MSS.
1246 2847 1378 2916 -Ruhn-

266 2946 367 3031 henii,
393 2943 616 3030 Valckenarii,
642 2947 813 3033 Brunckii,
839 2958 871 3016 et
895 2949 940 3016 ad
958 2950 1122 3019 Hederici
1141 2949 1274 3019 lexicon
1290 2950 1377 3016 Wa-

264 3049 416 3120 kefieldii
434 3059 467 3118 et
483 3048 642 3131 Routhii3
668 3049 813 3140 denique
829 3073 897 3120 non
913 3053 1041 3144 exiguis
1056 3053 1269 3124 collectaneis
1289 3052 1378 3120 Sea-

265 3154 358 3243 geri,
393 3153 600 3240 aliorumque
630 3153 874 3226 Britannorum.
933 3156 1030 3228 Haec
1060 3154 1227 3249 praesidia
1254 3155 1303 3222 ita
1331 3154 1376 3222 ad

265 3255 430 3346 Stephani
452 3255 666 3330 Thesaurum
697 3258 940 3344 adhibuerunt,
978 3268 1015 3328 ut
1038 3259 1077 3328 iis
1101 3259 1279 3349 partimin
1300 3259 1375 3350 ipso

263 3370 375 3443 textu,
415 3358 539 3450 partim
569 3359 604 3426 in
618 3428 620 3434 ,
633 3361 789 3432 subiectis
820 3360 1086 3431 adnotationibus
1113 3363 1228 3432 locum
1251 3383 1375 3431 conce-

264 3460 392 3543 derent,
451 3460 505 3530 Da
526 3459 596 3531 hoc
616 3470 727 3548 textu,
760 3464 880 3554 hisque
901 3464 1168 3534 adnotationibus
1192 3466 1260 3534 iam
1283 3463 1378 3534 dica-
1516 3419 1517 3450 ἶ

263 3573 318 3632 tur
344 3563 548 3656 explicatius.

295 3835 299 3841 ,
367 3769 414 3838 Et
430 3776 557 3838 textum
578 3769 716 3857 quidem
742 3793 811 3837 non
832 3794 942 3840 sumus
964 3774 1011 3840 ita
1031 3773 1157 3841 morosi
1179 3780 1217 3841 ut
1235 3770 1379 3840 totidem

266 3871 392 3957 ubique
407 3871 539 3956 litteris,
565 3881 649 3958 quot
669 3894 698 3944 a¹
713 3869 905 3962 Stephano,
932 3875 1163 3947 exhibendum
1178 3875 1279 3950 faisse
1296 3895 1377 3942 cen-

266 3995 413 4056 seamus,
446 3973 595 4050 sednon
615 3974 830 4066 intelligimus
847 3986 959 4046 tamen
967 4026 979 4063 ,
1014 4001 1075 4048 cur
1096 3976 1306 4067 quantumvis
1325 3977 1378 4043 le-
1514 4031 1515 4034 ,

266 4075 365 4141 vibus
382 4074 415 4140 in
430 4078 529 4144 robus
544 4076 773 4147 recedendum
795 4103 816 4146 a
835 4079 943 4171 prima
957 4079 1104 4151 editione
1120 4079 1231 4150 fuerit.
1284 4079 1378 4148 Con-

266 4175 402 4250 tulimus
427 4198 468 4243 eo
499 4180 566 4248 fine
589 4180 771 4272 diligenter
799 4182 924 4271 primas
943 4192 1072 4252 tantum
1100 4192 1259 4273 quattuor
1277 4181 1381 4272 pagi-

266 4301 342 4348 nas:
368 4276 534 4366 inquibus
555 4283 676 4372 septies
695 4285 789 4374 signa
809 4285 1045 4377 parentheseos
1057 4289 1196 4372 omissa,
1219 4282 1381 4376 „jocum,
