3078 5026
224 435 228 443 ι
268 349 330 410 lto
407 343 463 406 DE
496 341 654 404 cuono
686 338 975 404 nvrtnuluvtt
999 336 1231 402 AESCHYLI

581 515 615 583 ².
642 514 785 604 Pugnat.
799 511 987 602 Aeschylus
1012 512 1056 582 ad
1072 512 1235 582 Plataeas.
1286 509 1377 579 Arsit

636 619 764 704 Aetna,
789 616 973 686 secundum
998 639 1116 684 marni.
1143 612 1208 682 0x.
1232 634 1288 702 ep.
1314 608 1376 680 53.

638 742 667 787 v.
683 717 743 786 68.
758 718 853 807 quod
871 718 1093 808 Thucydides
1107 717 1198 784 annis
1212 717 1377 804 quinqua-

637 823 731 911 ginta
753 829 830 889 ante
850 814 988 913 Olyunpss
1014 818 1233 890 LXXXVIII.
1261 817 1296 884 3.
1318 840 1378 887 ac-

637 925 758 991 cidisse
771 924 883 991 refert.
935 925 1086 992 Recente
1107 921 1378 990 adhucincendii

635 1026 724 1094 illius
749 1027 912 1094 memoria
941 1027 1102 1116 scripturn
1139 1047 1210 1095 esse
1234 1026 1378 1093 Pteme-

635 1129 753 1197 theum
777 1130 941 1214 vinctum,
974 1150 1117 1220 arguere
1147 1127 1279 1195 videtur
1295 1127 1379 1196 vati-

638 1233 760 1302 cinium
780 1256 820 1300 ea
843 1230 887 1299 de
909 1255 947 1299 re
961 1213 1156 1301 Promethei
1170 1231 1218 1320 *).

582 1382 624 1450 3.·
643 1383 783 1451 Mortuo
800 1384 925 1452 Geloni
945 1383 1094 1453 succedit
1108 1381 1224 1450 Hiero.

582 1538 615 1605 4.
643 1537 814 1607 Ducentur
845 1537 1032 1627 Phrynichi
1057 1536 1277 1620 Phoenissae,
1317 1559 1379 1602 au-

637 1649 732 1709 ctore
745 1641 951 1716 Bentleio·in
968 1663 1055 1730 resp.
1073 1641 1118 1707 ad
1130 1638 1230 1729 Boyl.
1247 1661 1283 1728 p.
1293 1635 1378 1704 141.

638 1767 685 1832 sq.
708 1739 794 1816 145.
826 1746 868 1833 (s.
897 1745 932 1810 in
956 1741 1084 1836 0pusc.
1105 1766 1141 1834 p.
1165 1740 1250 1808 247.
1276 1738 1379 1829 2962)

476 1857 479 1866 ’
609 1839 615 1858 ’
637 1855 714 1912 ante
727 1847 844 1914 Persas
863 1845 1041 1935 Aeschyli:
1066 1868 1097 1913 v.
1114 1867 1245 1937 argum.
1260 1845 1380 1915 Persa-

637 1971 722 2015 rum.
774 1949 872 2031 Quae
886 1957 1005 2018 contra
1023 1947 1216 2017 Bentleium
1234 1947 1381 2036 disputat

640 2049 783 2140 Sicbelis
808 2051 852 2118 de
872 2049 997 2119 Aescb.
1023 2051 1114 2118 Pers.
1141 2047 1201 2119 15.
1225 2051 1316 2118 nulla
1338 2070 1380 2115 ex

636 2162 734 2243 parte
754 2155 918 2224 rationem
944 2153 1040 2223 illam
1064 2154 1270 2224 labefactare
1298 2174 1380 2243 pos-

564 2279 571 2292 ·
635 2267 717 2324 sunt

221 2419 408 2514 lbolymp.
425 2421 623 2492 LXXVII.
639 2425 764 2512 Hiero,
799 2425 942 2518 expulsis
969 2423 1160 2514 Gatanaeis,
1197 2426 1280 2494 alios
1299 2423 1381 2494 illuc

639 2531 778 2603 colonos
793 2531 963 2600 deducere
977 2525 1131 2618 instituit,
1156 2531 1298 2620 urbique
1317 2549 1381 2595 no-

308 2877 336 2964 *)
358 2882 440 2942 Idem
462 2882 663 2946 Schneiderus
683 2886 716 2946 in
738 2887 840 2948 eadem
864 2891 1049 2968 praefatione
1070 2902 1134 2952 tum
1154 2908 1193 2949 ex
1212 2886 1314 2948 indole
1342 2885 1380 2944 il·

265 2968 325 3028 lius
340 2967 460 3029 fabulae
483 2969 681 3032 demonstrari
695 2993 785 3053 posse
799 2982 903 3054 putat,
927 2978 1080 3058 aliquanto
1100 2984 1170 3056 poet
1186 2983 1283 3033 actam
1302 2990 1379 3046 esse,
1414 3019 1419 3028 .

267 3057 354 3115 cuius
370 3055 532 3117 sententiae
548 3067 721 3136 argumenta
742 3060 802 3118 alio
823 3068 961 3142 tempore
982 3063 1171 3144 prolaturum
1192 3079 1292 3139 spero,
1314 3064 1382 3114 tum
1415 3088 1421 3099 ι

267 3159 363 3200 exeo
391 3141 424 3200 id
451 3141 568 3221 liquido
598 3143 741 3222 consequi
767 3155 882 3221 censet,
911 3149 1011 3226 quod,
1040 3167 1133 3227 quum
1162 3143 1269 3206 tertius
1295 3149 1380 3200 actor

267 3223 304 3306 ab
327 3225 477 3304 Sophocle
506 3228 545 3286 sit
571 3229 730 3305 inventus,
763 3230 816 3310 qui
842 3231 974 3311 primum
1003 3233 1143 3293 docuerit
1170 3229 1300 3290 fabulam
1328 3225 1378 3284 01.

266 3307 414 3370 LXXVII.
426 3316 455 3377 8.
474 3331 535 3371 non
551 3315 686 3392 potuerit
705 3324 774 3375 ante
797 3335 865 3375 eum
887 3337 998 3378 aunum
1021 3318 1121 3390 tabule
1142 3315 1282 3398 produci,
1304 3331 1381 3391 quae
1434 3309 1440 3316 ’

264 3405 328 3456 tres
349 3397 440 3456 simul
460 3397 492 3456 in
517 3417 635 3458 scenam
656 3408 772 3484 actores
794 3401 923 3466 afferret.
953 3402 1047 3480 Atqui
1060 3403 1091 3462 in
1105 3397 1283 3461 Prometheo
1302 3417 1381 3477 pro·

265 3479 331 3541 dire
359 3481 460 3542 atatim
488 3480 520 3541 in
546 3482 949 3564 principio-Prometheum,
994 3485 1175 3564 Videanum,
1206 3495 1238 3544 ct
1264 3482 1378 3542 Robur.

264 3567 340 3626 Num
361 3568 449 3628 etiam
471 3567 695 3648 Prometheum,
718 3571 854 3649 quamvis
877 3581 1024 3632 tacentem
1046 3592 1081 3632 ea
1102 3572 1134 3631 in
1156 3591 1259 3643 scena,
1279 3577 1381 3628 tamen

128 3691 133 3710 .
266 3671 361 3729 agere.
404 3653 535 3714 Rectene
557 3675 595 3713 en
617 3674 703 3714 aecus
724 3653 757 3714 id
778 3655 890 3717 dixerit
910 3657 958 3718 m'r
986 3656 1185 3725 doctissimus,
1207 3664 1272 3715 tnm
1293 3660 1381 3733 pote·

265 3737 307 3795 rit
327 3737 472 3814 iudicari,
496 3757 589 3818 quum
607 3740 770 3818 constabit,
800 3751 903 3802 ulrum
923 3741 1031 3804 histrio
1052 3743 1206 3802 immotam
1226 3741 1310 3799 illam
1326 3755 1380 3817 per

266 3821 382 3899 aliquot
396 3822 487 3884 horas
511 3825 667 3885 stationem
690 3826 835 3886 sustinere
854 3829 1004 3907 potuerit,
1020 3848 1071 3887 «an
1093 3827 1286 3886 simulacrum
1307 3821 1381 3882 sue·-

264 3905 322 3979 rit,
353 3907 435 3988 quod
456 3909 590 3970 manibus
617 3910 803 3992 pedibusque
823 3913 981 3991 religatum
1008 3921 1038 3971 et
1058 3931 1155 3972 cuneo
1175 3929 1231 3992 per
1250 3907 1382 3969 medium
1502 3941 1505 3948 ·

266 4000 374 4068 pectus
392 3992 499 4054 adacto
517 3995 589 4076 rupi
609 3995 792 4074 affigebatur.
833 3995 916 4056 Haec
937 3995 1128 4074 coniectura,
1149 4015 1227 4078 quae
1253 3994 1342 4055 etiam
1363 4012 1382 4052 a

265 4073 422 4137 Welclrero
443 4078 475 4138 in
495 4075 574 4140 libro
599 4079 638 4140 de
658 4081 777 4160 trilogia
798 4078 940 4162 Aeschyli
960 4101 993 4162 p.
1016 4085 1066 4148 80.
1095 4082 1216 4163 prolata
1238 4089 1299 4155 est,
1321 4077 1382 4137 hu-

185 4187 186 4194 *
264 4158 319 4219 bet
340 4162 475 4241 quidem,
504 4185 599 4244 quaro
622 4165 655 4225 in
676 4166 890 4227 dubitationem
911 4177 1057 4245 vocetur,
1086 4168 1174 4228 utin
1195 4163 1383 4228 censurail-

265 4244 327 4306 lius
348 4246 473 4310 libriin
494 4250 686 4334 Iliariielitt.
712 4253 796 4333 Lips.
826 4274 853 4313 a.
878 4258 970 4322 1825.
993 4267 1021 4318 1.
1041 4274 1071 4335 p.
1094 4258 1126 4319 7.
1146 4249 1294 4328 indicavi,
1327 4247 1381 4310 red

267 4328 359 4396 hebet
380 4333 484 4413 etiem,
516 4355 577 4416 quo
599 4337 687 4399 valde
706 4335 873 4418 probabilia
893 4359 958 4403 esre
981 4338 1131 4402 videntur.
