3120 5030
283 353 327 418 02
552 345 610 408 DE
637 343 874 407 auscurtr
904 343 1107 407 culvcls
1230 361 1234 369 “

284 516 397 605 1118,
417 516 452 591 l.
476 525 510 586 et
523 517 681 588 Aelianus
697 516 743 590 11
763 517 805 587 Α.
827 515 902 588 XV.
917 511 1048 608 25.ᾳυί
1064 517 1184 603 etiam,
1209 541 1297 610 quae
1321 523 1396 593 Pli-

284 625 356 691 nius
379 622 424 688 de
444 620 558 690 herbis
585 621 675 692 circa
696 621 871 690 Abderam
893 621 1023 704 scribit,
1050 620 1094 688 de
1116 621 1219 690 fluvio
1235 625 1323 694 illius
1336 649 1394 695 re-

283 726 393 818 gionis
412 734 531 792 narrat.
582 724 664 793 Hoc
692 731 849 812 sequutus
871 731 921 792 est
943 723 1192 815 Philargyrius,
1226 729 1284 815 qui
1306 729 1394 800 haec

284 829 329 897 ad
344 827 479 919 Virgilii
490 829 606 896 locum
622 826 808 895 adnotavit:
840 823 1001 895 Glaucus
1017 826 1162 920 Sisyphi
1166 827 1204 921 f
1218 853 1324 923 91111111
1341 835 1394 902 ad

138 978 150 1008 s.
282 932 487 1026 gymnicum
511 937 690 1028 conamen
713 929 936 1022 quadrigam
956 929 1118 1015 duceret,
1153 935 1326 1025 applicuit
1340 938 1393 1005 ad

281 1035 399 1104 uicum
409 1032 596 1118 Boeotiae,
623 1041 658 1101 et
676 1054 785 1124 equus
803 1038 927 1134 potum
939 1031 1142 1126 adjuratam
1161 1057 1306 1104 samum
1321 1061 1392 1132 per

282 1137 528 1230 ignorantiam
544 1136 662 1222 duxit,
687 1136 783 1204 unde
804 1135 865 1227 qui
878 1134 1060 1221 bibissent,
1085 1137 1120 1205 in
1132 1136 1301 1229 firarem
1325 1143 1394 1235 agli

282 1237 450 1309 solebant.
501 1236 630 1332 Itaque
650 1239 751 1307 illum
774 1259 902 1330 equae,
930 1237 1064 1332 surore
1089 1242 1315 1333 exagitante,
1356 1246 1393 1313 iu

282 1344 360 1436 ipsso
386 1343 578 1411 certamine
603 1363 711 1411 annu
739 1337 925 1436 effudisse,
960 1363 1006 1410 ac
1036 1342 1209 1412 morsibus
1238 1347 1394 1418 laniasse

282 1446 459 1534 dicuntur.
513 1446 723 1535 (Burmaauo
747 1454 883 1512 auctore
905 1445 1111 1538 gymnicum
1130 1468 1195 1537 pro
1215 1449 1394 1519 mimicum

283 1548 423 1618 adscivi:
455 1571 532 1614 uam
553 1547 709 1618 Massicii
729 1548 956 1634 coniecturae,
987 1545 1191 1636 Isthmiam,
1224 1551 1283 1640 qui
1304 1556 1394 1622 solus

281 1653 396 1720 favere
414 1648 584 1736 videatur,
609 1651 806 1736 Pausanias,
833 1673 901 1718 non
921 1651 1064 1719 multum
1087 1653 1195 1722 favet·
1226 1678 1305 1724 uam
1332 1658 1391 1725 Vl.

283 1752 344 1838 29,
369 1753 405 1822 9.
431 1755 693 1842 quumscribat,
718 1753 990 1827 1111111111ὶὲ1
1010 1750 1152 1851 Ισθμῳ
1172 1752 1394 1851 rapdtannoc

172 1941 174 1946 ¹
282 1856 444 1936 Ilavuoc
465 1854 686 1951 ὁΣισύφου,
712 1855 808 1926 addit
829 1855 933 1924 baec:
958 1859 1184 1950 pertrectat
1205 1855 1306 1954 αὐτῷ
1325 1889 1395 1986 την

280 1952 453 2054 calavena
483 1961 646 2051 λέγουσιν
679 1951 752 2031 rino
773 1958 849 2031 noir
874 1965 1014 2040 innan,
1052 1957 1116 2034 bro
1138 1959 1318 2044 Arauros
1344 1991 1392 2037 aa
1421 1967 1426 1990 '

281 2056 382 2134 aidila
399 2061 600 2158 ianuarias*
622 2087 673 2155 τῳ
661 2059 834 2158 nauci.)

338 2163 486 2232 Hunc
520 2164 624 2256 igitur
649 2133 773 2232 Glauci
800 2165 924 2233 exitum
955 2163 1168 2255 Aeschyleae
1196 2169 1395 2259 tragoediae

280 2276 517 2358 argumentum
538 2268 640 2337 faisse
669 2276 707 2334 111
726 2289 791 2358 per
818 2291 853 2335 se
877 2268 1040 2338 credibile
1062 2278 1126 2353 est,
1159 2268 1205 2336 ita
1232 2271 1332 2339 etiam
1352 2295 1395 2341 ex

278 2371 475 2461 fragmentis
487 2369 695 2463 intelligitur.
747 2371 800 2441 Aa
823 2371 957 2441 videtur
971 2372 1108 2441 nuncius
1124 2383 1294 2443 certamen
1310 2400 1396 2465 qua-

280 2473 454 2564 drigarum
476 2495 658 2543 enarrasse:
684 2474 719 2542 iu
737 2496 805 2564 qua
816 2478 1005 2544 narratione
1026 2478 1142 2546 locum
1167 2488 1258 2546 certe
1278 2479 1397 2548 habuit

278 2575 338 2644 hic
359 2597 490 2644 versus:

254 2686 278 2748 θ
386 2671 483 2771 dysin
496 2671 566 2774 ydp
582 2675 715 2774 ἄνδρας
737 2671 782 2749 ου’
801 2678 904 2769 μένει
925 2680 1187 2771 λελειμμένους,

280 2824 427 2884 servatus
448 2813 663 2881 ascholiasta
685 2813 890 2904 Platonisp.
911 2812 971 2888 lo
994 2813 1050 2887 ed.
1074 2814 1212 2881 llahnk
1229 2813 1290 2884 27.
1319 2817 1397 2887 Sie-

280 2919 382 2990 benk.
410 2916 540 2985 certius
556 2938 636 2984 vero
656 2915 737 2984 hinc
752 2916 852 2986 ducta
872 2927 946 2986 sunt
958 2917 1072 2986 haec
1062 2941 1097 2986 ur
1111 2917 1248 3026 scholiis
1263 2920 1309 2987 ad
1322 2921 1397 2990 Eu-

279 3021 344 3114 rip.
359 3021 490 3090 Phoeu.
509 3017 621 3087 1229.
644 3017 789 3110 (1201.)

382 3153 443 3252 ἐφ
467 3154 634 3252 ἅρματος
654 3183 723 3253 γαρ
746 3153 848 3252 ἅρμα
869 3154 928 3227 aul
955 3156 1070 3252 nonani
1094 3153 1230 3255 νεκρός,

277 3333 279 3337 f
382 3255 547 3344 innotd’
569 3254 630 3352 ἐφ’
652 3264 773 3339 ἵπποις
795 3254 887 3355 ἦσαν
907 3262 1198 3355 tunsascyaiaor

278 3397 331 3467 lbi
352 3396 430 3465 cod.
454 3395 584 3483 Aug·³
566 3419 612 3485 aa
645 3391 785 3487 ἅρματι
802 3415 871 3489 γαρ
889 3391 1008 3490 ἅρμα,
1035 3395 1242 3492 nairsapoiu
1263 3394 1395 3490 neapol·
1435 3467 1437 3472 ,
1501 3467 1504 3483 ,

278 3500 338 3569 sed
367 3499 540 3590 vulgatam
561 3503 674 3562 tuetur
691 3495 954 3598 Aristoplranes,
981 3499 1039 3588 qui
1060 3501 1095 3566 iu
1110 3500 1213 3566 lienis
1234 3521 1265 3566 1.
1283 3495 1410 3566 1459..

278 3603 375 3704 (ude
401 3600 509 3670 schol.
534 3597 578 3666 ad
598 3621 630 3666 1.
657 3596 787 3692 144⁷.)
819 3600 912 3670 hanc
942 3593 1106 3692 Aeschyli
1132 3624 1265 3671 versmn
1284 3600 1395 3686 affert,

128 3734 132 3742 ¹
278 3707 378 3794 eique
404 3704 495 3773 hanc
519 3702 778 3792 explicationem
801 3706 947 3789 subiicit,
982 3700 1042 3779 δυ’
1071 3703 1197 3802 ἅρματ
1203 3701 1395 3801 aletrinae

276 3806 337 3878 nal
354 3834 464 3905 raupa
456 3798 559 3880 oio
610 3805 651 3872 Ia
673 3808 822 3875 secundo
847 3831 958 3892 versu,
984 3831 1090 3897 quum
1114 3808 1191 3876 cod.
1207 3807 1340 3898 Aug-³
1323 3833 1393 3898 εμ-

254 3911 505 4002 'napoyue'uou
528 3908 751 3998 praebuisset,
791 3911 1011 3979 Vallreuarius
1042 3911 1087 3978 ad
1123 3909 1255 3981 Phoeu.
1282 3907 1393 3976 1291.

142 4043 148 4052 ’
278 4011 518 4104 corrigendum
535 4012 694 4081 censuit
676 4013 969 4110 sanapupuaroa,
997 4020 1077 4105 apte
1101 4034 1301 4104 comparans
1316 4010 1391 4081 vir-

277 4115 398 4208 gilium
413 4116 498 4186 Aen.
517 4111 676 4184 1111138.

363 4237 572 4337 armaque,
598 4239 836 4309 corporaque,
863 4200 1070 4338 etpanusti
1083 4219 1197 4292 caede
1211 4219 1368 4288 virorum

363 4318 602 4390 semianimes
623 4317 808 4390 volvuntur
832 4321 943 4414 equi
