3120 5030
239 335 317 400 PIiO
351 331 616 411 duumviratu
643 333 787 397 ORPHEI
812 322 1034 400 ARGONAVT.
1054 333 1222 397 amaris.
1265 337 1308 402 la

192 525 295 574 manu
320 508 530 579 exulceraret
553 521 659 596 ¹quae
690 507 804 575 omnia
832 508 907 597 quis
936 508 968 578 ei
988 507 1209 593 condonabit,
1247 507 1307 597 qui

191 611 246 678 vel
268 595 388 678 leviter
412 611 562 682 Graecas
589 610 717 682 litteras
744 609 914 701 attigerit?
958 610 1029 679 Sed
1048 612 1177 678 mittam
1199 607 1306 680 haec:

190 713 297 782 modo
319 714 496 798 attulisset,
522 735 591 801 quo
610 712 665 796 id,
698 709 800 803 quod
817 711 974 801 volebat,
1008 713 1208 784 efficeretur.
1259 715 1306 782 At

189 816 439 884 nimirumtoto
454 816 551 888 coelo
576 839 597 883 a
614 838 691 883 mea
713 824 827 885 mente
843 816 1024 900 aberravit,
1050 838 1155 904 quum
1166 815 1307 886 refutari

188 941 246 987 me
267 921 367 1011 posse
393 920 455 987 sibi
479 917 712 1009 persuaderet,
744 920 772 986 si
794 919 1027 1008 operosissimo
1049 921 1167 988 labore
1191 939 1232 986 ex
1251 919 1305 984 in-

190 1023 285 1112 genti
307 1022 529 1112 antiquiorum
548 1021 748 1112 scriptorum
770 1043 911 1090 numero
931 1023 1099 1090 vocabula
1118 1031 1152 1089 et
1173 1021 1305 1089 tonnu-

189 1123 240 1192 las
259 1126 454 1216 colligeret,
487 1146 569 1214 quas
587 1145 655 1214 ego
675 1124 710 1190 in
731 1122 865 1215 Orphei
887 1125 1034 1194 carmine
1056 1135 1094 1192 ut
1113 1117 1324 1194 recentioris
1416 1163 1424 1176 ·

191 1227 307 1295 aetatis
332 1227 459 1296 indices
474 1237 676 1294 notaveram.
730 1227 921 1315 Vsquamne
942 1249 1010 1318 ego
1027 1226 1202 1318 contendi,
1226 1248 1304 1296 ver-

183 1330 241 1398 'bis
261 1353 328 1398 non
348 1331 440 1420 prins
462 1329 580 1398 auditis
604 1351 701 1397 usum
719 1353 789 1398 esse
810 1326 1013 1420 Orpheum?
1037 1331 1090 1398 lta
1110 1353 1153 1398 ne
1170 1329 1304 1399 Graeco
1431 1340 1434 1356 ¹

188 1427 325 1520 quidem
349 1435 526 1522 loquutum
555 1431 810 1505 contendissem.
870 1434 950 1501 Hoc
980 1455 1065 1524 ergo
1087 1435 1114 1502 si
1136 1455 1205 1500 non
1226 1433 1304 1518 feci,

189 1535 271 1624 quid
292 1539 488 1620 Anacreon,
514 1535 677 1625 Sappho,
705 1536 843 1626 tragici,
877 1535 1091 1622 Herodotus,
1124 1535 1305 1626 Thucydi·

190 1637 268 1723 des,
301 1639 512 1729 Xenophon,
545 1638 670 1726 aliique
694 1639 873 1728 scriptores
900 1641 1066 1728 probant,
1097 1639 1175 1724 nisi,
1209 1637 1303 1728 quod

188 1753 356 1832 agosone
378 1743 478 1811 etiarn
504 1762 573 1808 non
601 1737 745 1808 monitus
767 1741 932 1825 sciebam,
967 1742 1120 1827 Graeca,
1147 1763 1216 1809 non
1236 1747 1351 1832 pe-lti
1405 1780 1410 1792 ι

185 1845 321 1936 regrina
335 1845 602 1928 essevocahula,
630 1867 717 1932 quae
743 1843 1059 1934 reprehendissem?
1108 1844 1197 1912 Nam
1213 1865 1304 1933 quac
1360 1875 1368 1882 ·

189 1967 257 2039 ego
282 1948 327 2015 de
349 1947 498 2016 oratione
518 1945 655 2038 Orphei
673 1948 857 2039 disputavi,
882 1948 917 2015 in
943 1949 1240 2034 obversabantur,
1266 1955 1305 2016 nt

121 2090 128 2102 ι
189 2051 417 2135 ostenderem,
452 2050 582 2140 primo,
620 2051 786 2120 vocabula
820 2046 1006 2140 quaedam,
1040 2052 1303 2122 vocabulorum-

76 2203 82 2212 .
186 2154 533 2245 que-significationes
555 2154 598 2220 ab
616 2175 659 2220 eo
680 2155 852 2243 usurpari,
885 2177 973 2242 quae
995 2156 1219 2224 recentiorum
1248 2177 1304 2222 es-

187 2265 259 2323 sent
288 2256 474 2346 epicorum
492 2256 649 2346 propria3
685 2254 825 2338 deindo,
865 2258 1064 2325 eorumdem
1090 2279 1187 2326 more
1215 2255 1305 2326 haec

187 2381 268 2428 eum
297 2367 460 2427 sectatum
483 2379 573 2432 esse,
617 2379 706 2444 quae
726 2358 824 2446 apud
846 2359 997 2446 antiquos
1028 2361 1144 2448 epicos
1172 2368 1306 2453 raraet

186 2459 368 2550 singularia
393 2459 625 2526 invenirentur.
678 2457 778 2534 Vnde
800 2469 954 2548 apertum
970 2468 1036 2545 est,
1063 2461 1221 2550 quihaec
1238 2461 1304 2526 hn-

184 2585 342 2655 pugnare
371 2562 470 2648 velit,
509 2560 621 2650 primo
641 2559 748 2628 solam
772 2560 900 2631 debore
919 2563 1095 2652 epicorum
1123 2560 1305 2636 auctorita-

135 2657 136 2660 '
184 2675 255 2733 tem
271 2664 451 2744 adhibere;
480 2662 603 2756 deinde
627 2663 712 2730 illud
734 2662 860 2732 debere
882 2666 1073 2752 ostendere,
1099 2689 1188 2757 quae
1210 2665 1304 2759 apud

186 2769 342 2856 antiquos
367 2768 481 2858 epicos
503 2789 578 2834 rara
603 2774 637 2832 et
659 2766 840 2858 singularia
859 2769 1001 2858 reperiri
1027 2769 1193 2855 dixeram,
1226 2771 1304 2838 trita

186 2871 280 2962 apud
300 2891 357 2939 eos
384 2879 419 2938 et
438 2871 638 2961 pervulgata
660 2892 739 2937 esse.
790 2863 970 2961 Defungar
988 2873 1106 2962 paucis
1129 2873 1301 2963 exemphs.

186 2974 227 3041 In
251 2975 562 3064 Argonauticorum
585 2994 681 3040 versu
703 2970 764 3038 84.
792 2971 937 3041 formam
961 2969 1052 3064 oinos}
1075 2985 1112 3043 ut
1128 2975 1300 3044 wrecentio-

186 3099 260 3144 rem
284 3086 488 3148 notaveram.
542 3075 679 3142 Errasse
708 3097 764 3142 me
795 3075 878 3144 dicit
903 3099 971 3143 non
995 3077 1105 3145 solnm
1129 3077 1302 3168 Koenigs-

186 3202 326 3247 mannus
377 3203 412 3270 p.
453 3175 513 3251 39.
561 3178 640 3261 sed,
690 3176 784 3265 quod
829 3178 987 3268 profecto
1029 3179 1152 3265 miror,
1201 3181 1326 3249 etiam'

186 3281 381 3351 Huschkius
402 3302 438 3372 p.
465 3278 524 3346 16.
576 3281 625 3348 Et
647 3279 841 3349 Huschkius
865 3281 1019 3369 quidem,
1045 3265 1248 3375 βορβεῦσὶν
1272 3279 1301 3354 δ’

188 3379 298 3456 ἀκοαί
320 3410 410 3475 «μοι,
436 3383 560 3472 inquit,
599 3389 692 3450 notu
711 3390 791 3450 suunt
818 3385 982 3476 poetriae
1014 3384 1145 3454 verba.-
1182 3386 1302 3474 quibus

188 3485 288 3552 addit
311 3508 443 3556 versum
465 3485 649 3576 quemdam
673 3483 826 3576 Sopatri,
852 3488 897 3555 ab
920 3486 1099 3555 Athenaeo
1123 3496 1300 3556 servatum.
1331 3576 1337 3580 ῃ

158 3588 255 3658 ‘Hic
281 3609 362 3656 vero
385 3588 436 3655 bis
458 3589 586 3658 fallitur
607 3587 657 3654 vir
674 3590 992 3678 praestantissimus,
1016 3589 1180 3680 primum,
1206 3589 1301 3678 quod

187 3691 350 3783 Sapphus
369 3691 575 3780 Sopatrique
599 3689 830 3758 auctoritatem
847 3691 1033 3780 quidquam
1052 3691 1165 3760 valere
1185 3700 1300 3784 putat:

186 3813 358 3886 numago
388 3791 433 3860 de
463 3793 566 3884 epicis
597 3792 825 3882 disputabam,
867 3814 936 3860 non
967 3795 1011 3863 de
1034 3794 1145 3884 lyricis
1173 3805 1207 3864 et
1237 3817 1300 3866 oo-

187 3897 298 3978 micis3
331 3893 474 3981 deinde,
510 3895 605 3986 quod
632 3893 724 3966 hunc
750 3895 911 3988 Sapphus
939 3897 1056 3966 locum
1082 3899 1236 3991 profert,
1265 3900 1301 3968 in

188 4015 259 4088 quo
286 4001 356 4068 iam
378 4020 482 4088 quum
503 4000 565 4067 ista
587 3999 773 4084 ,scriberem
806 4001 946 4069 dubium
969 4009 1056 4088 erat,
1091 4023 1134 4070 an
1153 4001 1299 4095 Sappho

184 4125 254 4170 non
273 4103 456 4193 scripsisset
473 4097 594 4191 ἀκοαί,
620 4119 708 4172 nunc
722 4125 811 4192 pene
829 4114 959 4174 certum
981 4113 1041 4190 est,
1068 4101 1199 4180 ἀκουαὶ
1219 4129 1300 4174 eam

187 4207 366 4298 scripsisse.
415 4206 488 4273 lam
508 4205 935 4297 quid‘Koenigsmannus?
973 4208 1042 4278 Hic
1068 4231 1167 4294 vero,
1197 4231 1300 4301 prae·

184 4317 237 4378 ter
261 4308 420 4380 eumdem
437 4309 599 4402 Sapphus
612 4308 747 4397 locam,
773 4333 795 4380 e
816 4313 976 4400 Pindaro,
997 4311 1198 4399 Herodoto,
1226 4312 1300 4380 Ae-
