3080 5054
272 342 338 408 m
542 335 602 398 DE
631 333 772 398 nvs1s
802 330 1116 396 ucvvltmnvs

274 528 411 582 necesse
434 507 500 593 est,
532 505 628 595 quod
645 506 788 595 nomina
813 520 928 576 earum
951 507 996 574 ab
1018 527 1077 590 eo,
1110 503 1205 594 quod
1229 499 1389 594 nymphis
1456 573 1459 594 ,

275 612 445 697 convenit,
471 611 597 686 nnnab
610 631 670 696 eo,
694 610 791 700 qaod
806 609 980 678 Musarum
1000 608 1178 700 proprium
1195 615 1262 689 est,
1288 628 1389 696 repe-

274 716 379 787 tenda
399 713 567 786 iudicavit.
617 713 802 805 Repugnat
827 713 898 784 hdo
926 719 1031 801 nuum
1061 713 1233 780 universae
1252 709 1391 792 *rationi

251 825 383 910 squam
406 817 531 887 Graeci
555 816 591 884 iu
608 816 824 908 mythologie
843 816 973 904 sequuti
997 823 1087 898 sunt,
1121 824 1198 883 tum»
1218 814 1274 898 iis,
1301 835 1389 902 quae

276 923 333 992 alii
353 921 530 1012 scriptores
544 918 590 988 de
605 919 711 988 Musis
723 919 917 988 retulerunt.
958 917 1214 1007 Antiquissimae
1228 927 1294 984 tres
1307 938 1390 1007 per-

275 1023 435 1095 hibentur
450 1021 704 1111 Meminisse,
730 1022 899 1112 quae'alia
917 1021 999 1088 alibi
1012 1019 1166 1108 uomina,
1191 1019 1252 1094 sed
1276 1020 1391 1088 omnia

276 1152 298 1197 a
316 1127 506 1197 muneribus
526 1126 593 1193 suis
619 1134 653 1194 et
677 1125 798 1195 officiis
820 1125 1020 1194 habuerunt.
1073 1124 1167 1208 Quas
1188 1122 1338 1191 Aloidae
1355 1121 1391 1188 iu

276 1232 445 1302 Helicone
468 1230 705 1299 constituerunt
725 1229 859 1313 Musas,
887 1248 962 1311 eae,
988 1235 1025 1294 ut
1038 1227 1220 1295 Pausanias
1242 1225 1302 1293 lx.
1328 1223 1391 1310 29,

276 1333 312 1405 2.
338 1333 436 1418 dicit,
460 1331 610 1416 Melete,
636 1331 791 1418 Mneme,
816 1331 938 1402 Aoede
959 1327 1174 1400 vocabantm.
1225 1329 1313 1396 Tres
1329 1349 1391 1398 eo·

189 1487 194 1494 -
276 1435 390 1506 lebant
419 1435 519 1504 etiam
544 1434 710 1524 Sicyonii,
755 1456 896 1524 quarum
923 1434 980 1502 uui
1003 1455 1128 1502 nomen
1154 1429 1392 1522 Polymathine

275 1541 377 1610 inisse
391 1548 504 1607 namat
516 1537 717 1608 Plutarchus
732 1537 850 1628 Symp.
870 1537 914 1621 Q.
936 1537 995 1604 lx.
1019 1534 1078 1603 14.
1104 1559 1139 1626 p.
1154 1533 1241 1603 746.
1259 1537 1303 1603 E.
1337 1534 1392 1604 Ex

278 1643 402 1714 eodem
418 1641 603 1712 Plutarcho
615 1641 742 1710 ibidem
755 1665 791 1732 p.
812 1638 900 1710 744.
916 1638 955 1709 C.
982 1639 1196 1730 intelligitur,
1221 1635 1390 1728 Delphos,

276 1745 487 1814 hermeniam
505 1744 733 1836 respicientes,
766 1753 848 1829 tres,
874 1766 957 1832 quas
974 1742 1132 1812 colebant
1151 1740 1290 1826 Musae,
1319 1741 1392 1808 Νσ-Ι

276 1858 352 1931 ten,
376 1845 514 1932 Mosen,
539 1848 701 1936 Hypaton
721 1846 851 1914 dixisse.
902 1846 958 1913 De
977 1851 1136 1935 quattuor
1158 1843 1283 1940 Musis,
1309 1865 1393 1932 quas

277 1951 335 2021 alii
352 1951 557 2033 statuebant,
588 1949 758 2019 Ciceronis
777 1949 1003 2019 testimoninm
1021 1957 1127 2017 exstat
1143 1949 1179 2016 iu
1201 1947 1263 2014 lll.
1287 1945 1332 2014 de
1348 1947 1392 2014 N.

277 2053 321 2122 D.
339 2075 368 2123 c.
385 2050 445 2121 21.
464 2051 518 2120 his
537 2052 663 2120 verbis:
687 2053 761 2122 lom
773 2051 1057 2144 Masaeprtmae
1072 2057 1255 2143 quartuor,
1274 2055 1392 2118 notae

276 2155 374 2230 Ione·
385 2155 518 2240 altero,
553 2153 764 2248 Thelrinpe,
793 2154 937 2240 Aoede,
969 2154 1119 2239 Arche,
1144 2153 1287 2222 Melete.
1304 2158 1306 2168 '
1337 2151 1393 2220 lie

274 2259 462 2348 iisdemque
479 2259 623 2326 Tretzes
647 2268 682 2326 et
696 2255 870 2327 Eudocia.
890 2255 1053 2375 ’Ἄρατος
1071 2258 1142 2330 δὲ’
1124 2283 1162 2330 εν
1177 2283 1234 2352 ap:
1215 2256 1391 2350 πλμπτη

277 2362 352 2437 τῶν
376 2358 557 2484 desponde
578 2361 754 2482 τέσσαρας
777 2361 889 2454 λέγει,
923 2353 1016 2439 Aaou
1035 2387 1104 2432 νσυ
1091 2359 1307 2479 Aitidpoc,
1331 2357 1393 2430 ναὶ

279 2464 464 2544 Hicesiae
484 2457 641 2560 νύμφης,
675 2458 836 2560 'Aetio
872 2463 1060 2556 Μελέτην,
1091 2455 1300 2558 Θυλεννόην,
1332 2458 1393 2532 ναὶ

276 2560 435 2662 Ἀοιδήν
487 2565 607 2634 Matris
629 2589 753 2635 nomen
775 2567 869 2657 apud
892 2565 1092 2634 Ciceronem
1110 2564 1285 2632 excidisse
1290 2573 1394 2655 putu

277 2669 337 2738 bat
348 2667 582 2757 Heindoriius,
608 2691 713 2758 quum
726 2670 805 2738 libri
818 2678 900 2761 post
916 2669 1120 2737 vocabulum
1137 2667 1252 2734 altero
1265 2665 1394 2734 addant

277 2779 368 2843 nata
386 2773 443 2840 vel
458 2779 568 2841 natae
594 2773 649 2841 vel
667 2795 768 2842 nece:
794 2781 829 2842 et
849 2781 899 2840 est
913 2771 1003 2842 haec
1016 2792 1096 2839 sane
1110 2770 1212 2845 valde
1228 2767 1394 2860 probahi-

277 2874 318 2947 lis
339 2874 540 2946 coniectura.
592 2876 810 2965 Quamquam·
833 2874 1003 2944 Crenzerc
1032 2897 1101 2942 nou
1128 2873 1299 2956 assentiar,
1333 2871 1393 2961 qui

277 2977 411 3048 Nedum
419 2975 433 3064 ,²
470 2979 559 3068 quae
578 2980 689 3050 nutrix
711 2978 777 3046 fuit
800 2976 908 3062 lovis,
948 3000 970 3044 a
991 2975 1155 3047 Cicerone
1185 2975 1394 3044 nominatam

278 3081 463 3175 suspicatur
484 3103 523 3173 p
537 3075 624 3150 59².
676 3081 774 3165 Quae
794 3079 988 3149 coniectura
1008 3104 1077 3152 non
1097 3081 1163 3148 alio
1182 3077 1295 3147 nititur
1310 3076 1393 3146 fuu-

279 3183 457 3274 damento,
485 3207 593 3278 quam
613 3183 666 3253 hia
688 3185 798 3254 verbis
818 3184 1001 3255 Pausaniae
1030 3184 1123 3253 Vlll.
1149 3181 1220 3266 47,
1234 3179 1280 3248 2.
1305 3182 1392 3304 εἰη-

279 3288 518 3381 penetraret
541 3287 600 3362 ἐπὶ
622 3287 676 3382 τῷ
701 3287 814 3416 βμμηῖ
836 3284 925 3362 Pe'n
944 3287 1029 3380 μὲν
1043 3284 1102 3358 καὶ
1129 3279 1242 3380 Οἰνόη
1271 3277 1394 3382 νύμφη

278 3391 430 3466 παῖδα
409 3417 465 3464 στι
478 3382 607 3484 νήπιον
623 3390 734 3462 Δία’
712 3408 874 3479 εχσυσιν·
900 3391 1125 3486 εκυτέρωθεν
1147 3384 1250 3460 dd‘
1207 3412 1283 3458 εισι
1304 3387 1391 3460 τέσ

277 3517 386 3613 papea
409 3485 593 3589 ὁριθμόν,
620 3485 786 3589 Γλαύκη,
822 3520 883 3564 ναι
874 3491 1025 3579 Νέδα,
1060 3487 1119 3560 ναὶ
1144 3481 1298 3572 Θεισόα,
1335 3485 1394 3560 ναὶ

277 3590 504 3691 Ανθρυκλα,
530 3620 575 3722 τη
562 3592 655 3668 '⁴''dl
655 3597 743 3693 Ιδη,
767 3623 826 3667 ναι
818 3586 982 3686 '‘Ayvtd,
1008 3590 1068 3666 ναὶ
1090 3583 1259 3688 Ἀλκινόη
1274 3618 1317 3663 τε
1332 3589 1393 3661 ναὶ

281 3699 408 3794 Φρῖξα.
451 3696 647 3790 πεποίηται
685 3697 723 3772 di
756 3697 818 3769 cei
851 3695 1017 3768 Μουσῶν
1053 3692 1113 3768 uni
1140 3686 1395 3790 Μνημοσύνης

280 3797 437 3893 ἄγαλμα.
490 3799 629 3870 Scilicet
647 3801 692 3869 ita
707 3800 857 3892 colligit.
880 3821 949 3867 nan
963 3799 1147 3868 abhorrere
1166 3821 1187 3866 a
1203 3796 1398 3868 fanneam

279 3923 359 3986 usn,
392 3903 564 3973 alumnum
591 3925 669 3974 eum
692 3903 820 3972 nutrice
842 3925 903 3970 sua
926 3904 1169 3982 concumbere3
1199 3921 1241 3968 eo
1263 3899 1397 3966 honore

280 4003 507 4096 dignissimam
528 4006 630 4077 fnisse
649 4005 802 4094 Nedam,
828 4029 915 4096 qnae
928 4004 1141 4077 Callimacho
1164 3993 1398 4098 πρεσβυτάτη

279 4107 448 4201 νυμφέων
471 4109 619 4191 dicatum
646 4110 830 4182 erratrice
843 4109 936 4178 amai
948 4109 1094 4195 Musas,
1108 4107 1210 4176 valde
1226 4128 1297 4174 esse
1311 4125 1397 4172 con-

279 4217 490 4295 sentaneum,
524 4213 603 4302 quia
628 4208 747 4282 Iovem
775 4213 918 4286 nutrices
939 4214 1011 4282 eius
1032 4204 1245 4306 μυιυλσαντο
1254 4261 1269 4297 ,
1302 4204 1400 4296 quod

227 4397 228 4400 Ἴ
281 4319 331 4384 eat
350 4310 493 4386 verbum
513 4314 715 4390 Callimachi
741 4341 783 4388 ea
800 4316 845 4389 de
866 4338 923 4405 re,
947 4321 1045 4412 μαῖυ
1065 4321 1180 4386 autem
1204 4319 1239 4385 et
1257 4309 1400 4388 Morino
