<?xml version="1.0" encoding="UTF-8"?>
<!DOCTYPE html PUBLIC "-//W3C//DTD XHTML 1.0 Transitional//EN"
    "http://www.w3.org/TR/xhtml1/DTD/xhtml1-transitional.dtd">
<html xmlns="http://www.w3.org/1999/xhtml" xml:lang="en" lang="en">
 <head>
  <title>
</title>
<meta http-equiv="Content-Type" content="text/html;charset=utf-8" />
  <meta name='ocr-system' content='tesseract 3.04.00' />
  <meta name='ocr-capabilities' content='ocr_page ocr_carea ocr_par ocr_line ocrx_word'/>
</head>
<body>
  <div class='ocr_page' id='page_1' title='image "./opuscula03hermgoog/opuscula03hermgoog_0312.png"; bbox 0 0 3080 5054; ppageno 0'>
   <div class='ocr_carea' id='block_1_1' title="bbox 365 368 1277 462">
    <p class='ocr_par' dir='ltr' id='par_1_1' title="bbox 365 368 1277 462">
     <span class='ocr_line' id='line_1_1' title="bbox 365 368 1277 462; baseline 0.01 -9"><span class='ocrx_word' id='word_1_1' title='bbox 365 392 368 397; x_wconf 64' lang='grc'><strong>“</strong></span> <span class='ocrx_word' id='word_1_2' title='bbox 437 368 1007 458; x_wconf 78' lang='lat' dir='ltr'>nrrcnaaururnvtrnnr.</span> <span class='ocrx_word' id='word_1_3' title='bbox 1123 399 1126 410; x_wconf 67' lang='grc'>’</span> <span class='ocrx_word' id='word_1_4' title='bbox 1213 395 1277 462; x_wconf 78' lang='lat' dir='ltr'>aar</span> 
     </span>
    </p>
   </div>
   <div class='ocr_carea' id='block_1_2' title="bbox 160 557 1279 1254">
    <p class='ocr_par' dir='ltr' id='par_1_2' title="bbox 160 557 1279 1254">
     <span class='ocr_line' id='line_1_2' title="bbox 163 557 1278 654; baseline 0.004 -27"><span class='ocrx_word' id='word_1_5' title='bbox 163 557 263 645; x_wconf 81' lang='lat' dir='ltr'>Quae</span> <span class='ocrx_word' id='word_1_6' title='bbox 285 582 392 650; x_wconf 90' lang='lat' dir='ltr'>quum</span> <span class='ocrx_word' id='word_1_7' title='bbox 411 562 458 632; x_wconf 88' lang='lat' dir='ltr'>itu</span> <span class='ocrx_word' id='word_1_8' title='bbox 477 562 559 654; x_wconf 88' lang='lat' dir='ltr'>sint,</span> <span class='ocrx_word' id='word_1_9' title='bbox 591 584 661 632; x_wconf 92' lang='lat' dir='ltr'>non</span> <span class='ocrx_word' id='word_1_10' title='bbox 681 562 815 632; x_wconf 84' lang='lat' dir='ltr'>videtur</span> <span class='ocrx_word' id='word_1_11' title='bbox 840 562 926 634; x_wconf 88' lang='lat' dir='ltr'>mibi</span> <span class='ocrx_word' id='word_1_12' title='bbox 952 561 1174 635; x_wconf 88' lang='lat' dir='ltr'>dubitandum</span> <span class='ocrx_word' id='word_1_13' title='bbox 1196 586 1278 651; x_wconf 84' lang='lat' dir='ltr'>esse,</span> 
     </span>
     <span class='ocr_line' id='line_1_3' title="bbox 161 663 1279 759; baseline 0.007 -27"><span class='ocrx_word' id='word_1_14' title='bbox 161 663 245 753; x_wconf 90' lang='lat' dir='ltr'>quin</span> <span class='ocrx_word' id='word_1_15' title='bbox 262 683 386 733; x_wconf 92' lang='lat' dir='ltr'>nomen</span> <span class='ocrx_word' id='word_1_16' title='bbox 407 666 494 734; x_wconf 92' lang='lat' dir='ltr'>illud</span> <span class='ocrx_word' id='word_1_17' title='bbox 512 664 733 748; x_wconf 79' lang='lat' dir='ltr'>&#39;Arrollouic</span> <span class='ocrx_word' id='word_1_18' title='bbox 755 676 951 759; x_wconf 89' lang='lat' dir='ltr'>cormptum</span> <span class='ocrx_word' id='word_1_19' title='bbox 974 670 1034 752; x_wconf 89' lang='lat' dir='ltr'>sit,</span> <span class='ocrx_word' id='word_1_20' title='bbox 1067 665 1170 734; x_wconf 85' lang='lat' dir='ltr'>Musa</span> <span class='ocrx_word' id='word_1_21' title='bbox 1188 666 1279 740; x_wconf 84' lang='lat' dir='ltr'>haee</span> 
     </span>
     <span class='ocr_line' id='line_1_4' title="bbox 161 769 1277 861; baseline 0.004 -27"><span class='ocrx_word' id='word_1_22' title='bbox 161 774 293 856; x_wconf 85' lang='lat' dir='ltr'>antem,</span> <span class='ocrx_word' id='word_1_23' title='bbox 316 776 357 844; x_wconf 85' lang='lat' dir='ltr'>‚ut</span> <span class='ocrx_word' id='word_1_24' title='bbox 370 770 522 859; x_wconf 88' lang='lat' dir='ltr'>reliquae</span> <span class='ocrx_word' id='word_1_25' title='bbox 540 769 647 855; x_wconf 83' lang='lat' dir='ltr'><strong>duae,</strong></span> <span class='ocrx_word' id='word_1_26' title='bbox 673 770 845 860; x_wconf 82' lang='lat' dir='ltr'>abaliquo</span> <span class='ocrx_word' id='word_1_27' title='bbox 861 771 965 839; x_wconf 80' lang='lat' dir='ltr'>fluvio</span> <span class='ocrx_word' id='word_1_28' title='bbox 978 769 1080 840; x_wconf 81' lang='lat' dir='ltr'>fuerit</span> <span class='ocrx_word' id='word_1_29' title='bbox 1095 771 1277 861; x_wconf 83' lang='lat' dir='ltr'>appellata.</span> 
     </span>
     <span class='ocr_line' id='line_1_5' title="bbox 161 868 1279 963; baseline 0.003 -24"><span class='ocrx_word' id='word_1_30' title='bbox 161 869 276 954; x_wconf 79' lang='lat' dir='ltr'>Quam</span> <span class='ocrx_word' id='word_1_31' title='bbox 291 871 553 962; x_wconf 74' lang='lat' dir='ltr'>appellationem</span> <span class='ocrx_word' id='word_1_32' title='bbox 568 880 652 963; x_wconf 86' lang='lat' dir='ltr'>puto</span> <span class='ocrx_word' id='word_1_33' title='bbox 665 868 866 962; x_wconf 75' lang='lat' dir='ltr'>&#39;Axstot‘da</span> <span class='ocrx_word' id='word_1_34' title='bbox 883 873 999 958; x_wconf 84' lang='lat' dir='ltr'>luisse,</span> <span class='ocrx_word' id='word_1_35' title='bbox 1033 871 1128 962; x_wconf 92' lang='lat' dir='ltr'>qnod</span> <span class='ocrx_word' id='word_1_36' title='bbox 1155 894 1279 942; x_wconf 89' lang='lat' dir='ltr'>nomen</span> 
     </span>
     <span class='ocr_line' id='line_1_6' title="bbox 162 973 1278 1068; baseline 0.004 -28"><span class='ocrx_word' id='word_1_37' title='bbox 162 980 197 1040; x_wconf 88' lang='lat' dir='ltr'>et</span> <span class='ocrx_word' id='word_1_38' title='bbox 217 973 402 1042; x_wconf 88' lang='lat' dir='ltr'>litterarum</span> <span class='ocrx_word' id='word_1_39' title='bbox 430 998 592 1068; x_wconf 79' lang='lat' dir='ltr'>magnam</span> <span class='ocrx_word' id='word_1_40' title='bbox 618 997 696 1046; x_wconf 91' lang='lat' dir='ltr'>cnm</span> <span class='ocrx_word' id='word_1_41' title='bbox 720 976 781 1043; x_wconf 93' lang='lat' dir='ltr'>illo</span> <span class='ocrx_word' id='word_1_42' title='bbox 807 977 913 1046; x_wconf 86' lang='lat' dir='ltr'>altero</span> <span class='ocrx_word' id='word_1_43' title='bbox 943 975 1190 1044; x_wconf 89' lang='lat' dir='ltr'>similitudinem</span> <span class='ocrx_word' id='word_1_44' title='bbox 1212 974 1278 1044; x_wconf 80' lang='lat' dir='ltr'>ha-</span> 
     </span>
     <span class='ocr_line' id='line_1_7' title="bbox 160 1076 1279 1170; baseline 0.002 -28"><span class='ocrx_word' id='word_1_45' title='bbox 160 1076 231 1159; x_wconf 86' lang='lat' dir='ltr'>bet,</span> <span class='ocrx_word' id='word_1_46' title='bbox 258 1084 292 1143; x_wconf 90' lang='lat' dir='ltr'>et</span> <span class='ocrx_word' id='word_1_47' title='bbox 310 1099 352 1144; x_wconf 92' lang='lat' dir='ltr'>eo</span> <span class='ocrx_word' id='word_1_48' title='bbox 368 1100 505 1168; x_wconf 92' lang='lat' dir='ltr'>quoque</span> <span class='ocrx_word' id='word_1_49' title='bbox 519 1078 651 1147; x_wconf 80' lang='lat' dir='ltr'>ridetur</span> <span class='ocrx_word' id='word_1_50' title='bbox 668 1079 875 1166; x_wconf 88' lang='lat' dir='ltr'>confirmari,</span> <span class='ocrx_word' id='word_1_51' title='bbox 901 1079 996 1170; x_wconf 91' lang='lat' dir='ltr'>qnod</span> <span class='ocrx_word' id='word_1_52' title='bbox 1011 1080 1061 1154; x_wconf 83' lang='lat' dir='ltr'>ric</span> <span class='ocrx_word' id='word_1_53' title='bbox 1077 1077 1177 1148; x_wconf 86' lang='lat' dir='ltr'>etiam</span> <span class='ocrx_word' id='word_1_54' title='bbox 1190 1077 1279 1170; x_wconf 82' lang='lat' dir='ltr'>Epi-</span> 
     </span>
     <span class='ocr_line' id='line_1_8' title="bbox 160 1175 861 1254; baseline 0.001 -5"><span class='ocrx_word' id='word_1_55' title='bbox 160 1175 292 1249; x_wconf 85' lang='lat' dir='ltr'>charmi</span> <span class='ocrx_word' id='word_1_56' title='bbox 312 1178 488 1254; x_wconf 81' lang='lat' dir='ltr'>Musarum</span> <span class='ocrx_word' id='word_1_57' title='bbox 505 1193 578 1250; x_wconf 84' lang='lat' dir='ltr'>una</span> <span class='ocrx_word' id='word_1_58' title='bbox 599 1180 769 1250; x_wconf 84' lang='lat' dir='ltr'>nominata</span> <span class='ocrx_word' id='word_1_59' title='bbox 788 1181 861 1251; x_wconf 82' lang='lat' dir='ltr'>luit</span> 
     </span>
    </p>
   </div>
   <div class='ocr_carea' id='block_1_3' title="bbox 59 1383 1290 2712">
    <p class='ocr_par' dir='ltr' id='par_1_3' title="bbox 59 1383 1290 2712">
     <span class='ocr_line' id='line_1_9' title="bbox 261 1383 1277 1469; baseline 0.005 -17"><span class='ocrx_word' id='word_1_60' title='bbox 261 1384 368 1469; x_wconf 79' lang='lat' dir='ltr'>Quod</span> <span class='ocrx_word' id='word_1_61' title='bbox 392 1386 420 1454; x_wconf 91' lang='lat' dir='ltr'>si</span> <span class='ocrx_word' id='word_1_62' title='bbox 441 1387 541 1456; x_wconf 89' lang='lat' dir='ltr'>etium</span> <span class='ocrx_word' id='word_1_63' title='bbox 560 1387 697 1457; x_wconf 84' lang='lat' dir='ltr'>Eumeli</span> <span class='ocrx_word' id='word_1_64' title='bbox 714 1385 836 1457; x_wconf 89' lang='lat' dir='ltr'>Musae</span> <span class='ocrx_word' id='word_1_65' title='bbox 859 1406 976 1458; x_wconf 91' lang='lat' dir='ltr'>omnes</span> <span class='ocrx_word' id='word_1_66' title='bbox 997 1410 1019 1454; x_wconf 88' lang='lat' dir='ltr'>a</span> <span class='ocrx_word' id='word_1_67' title='bbox 1039 1383 1152 1455; x_wconf 83' lang='lat' dir='ltr'>fluviis</span> <span class='ocrx_word' id='word_1_68' title='bbox 1165 1385 1277 1456; x_wconf 85' lang='lat' dir='ltr'>dictae</span> 
     </span>
     <span class='ocr_line' id='line_1_10' title="bbox 159 1488 1276 1580; baseline 0.003 -27"><span class='ocrx_word' id='word_1_69' title='bbox 159 1493 254 1571; x_wconf 86' lang='lat' dir='ltr'>snnt,</span> <span class='ocrx_word' id='word_1_70' title='bbox 279 1488 362 1577; x_wconf 90' lang='lat' dir='ltr'>qnid</span> <span class='ocrx_word' id='word_1_71' title='bbox 382 1488 475 1560; x_wconf 91' lang='lat' dir='ltr'>huno</span> <span class='ocrx_word' id='word_1_72' title='bbox 496 1514 599 1580; x_wconf 89' lang='lat' dir='ltr'>quem</span> <span class='ocrx_word' id='word_1_73' title='bbox 618 1514 686 1559; x_wconf 90' lang='lat' dir='ltr'>non</span> <span class='ocrx_word' id='word_1_74' title='bbox 700 1500 748 1560; x_wconf 87' lang='lat' dir='ltr'>est</span> <span class='ocrx_word' id='word_1_75' title='bbox 763 1491 926 1562; x_wconf 82' lang='lat' dir='ltr'>credibile</span> <span class='ocrx_word' id='word_1_76' title='bbox 942 1489 1108 1578; x_wconf 85' lang='lat' dir='ltr'>similiter,</span> <span class='ocrx_word' id='word_1_77' title='bbox 1134 1497 1173 1556; x_wconf 92' lang='lat' dir='ltr'>nt</span> <span class='ocrx_word' id='word_1_78' title='bbox 1187 1489 1276 1579; x_wconf 86' lang='lat' dir='ltr'>Epi-</span> 
     </span>
     <span class='ocr_line' id='line_1_11' title="bbox 160 1587 1276 1684; baseline 0.005 -28"><span class='ocrx_word' id='word_1_79' title='bbox 160 1587 353 1676; x_wconf 81' lang='lat' dir='ltr'>chamum,</span> <span class='ocrx_word' id='word_1_80' title='bbox 387 1592 522 1679; x_wconf 76' lang='lat' dir='ltr'>lusisse,</span> <span class='ocrx_word' id='word_1_81' title='bbox 554 1594 589 1681; x_wconf 80' lang='lat' dir='ltr'>in</span> <span class='ocrx_word' id='word_1_82' title='bbox 616 1603 728 1680; x_wconf 80' lang='lat' dir='ltr'>mente</span> <span class='ocrx_word' id='word_1_83' title='bbox 749 1593 910 1684; x_wconf 78' lang='lat' dir='ltr'>babuisse</span> <span class='ocrx_word' id='word_1_84' title='bbox 940 1591 1172 1664; x_wconf 82' lang='lat' dir='ltr'>censebimus?</span> <span class='ocrx_word' id='word_1_85' title='bbox 1222 1593 1276 1662; x_wconf 88' lang='lat' dir='ltr'>Ao</span> 
     </span>
     <span class='ocr_line' id='line_1_12' title="bbox 157 1693 1276 1787; baseline 0.006 -30"><span class='ocrx_word' id='word_1_86' title='bbox 157 1693 316 1784; x_wconf 87' lang='lat' dir='ltr'>profecto</span> <span class='ocrx_word' id='word_1_87' title='bbox 334 1717 403 1762; x_wconf 90' lang='lat' dir='ltr'>non</span> <span class='ocrx_word' id='word_1_88' title='bbox 418 1695 538 1764; x_wconf 88' lang='lat' dir='ltr'>dubito</span> <span class='ocrx_word' id='word_1_89' title='bbox 552 1696 647 1781; x_wconf 87' lang='lat' dir='ltr'>fore,</span> <span class='ocrx_word' id='word_1_90' title='bbox 674 1696 816 1786; x_wconf 80' lang='lat' dir='ltr'>quitum</span> <span class='ocrx_word' id='word_1_91' title='bbox 837 1700 1014 1769; x_wconf 80' lang='lat' dir='ltr'>manifesto</span> <span class='ocrx_word' id='word_1_92' title='bbox 1025 1695 1193 1787; x_wconf 75' lang='lat' dir='ltr'>nymphas</span> <span class='ocrx_word' id='word_1_93' title='bbox 1208 1694 1276 1764; x_wconf 85' lang='lat' dir='ltr'>flu-</span> 
     </span>
     <span class='ocr_line' id='line_1_13' title="bbox 157 1795 1276 1893; baseline 0.002 -30"><span class='ocrx_word' id='word_1_94' title='bbox 157 1795 286 1865; x_wconf 81' lang='lat' dir='ltr'>viatiles</span> <span class='ocrx_word' id='word_1_95' title='bbox 301 1798 368 1866; x_wconf 87' lang='lat' dir='ltr'>istis</span> <span class='ocrx_word' id='word_1_96' title='bbox 385 1799 572 1883; x_wconf 85' lang='lat' dir='ltr'>nominibus</span> <span class='ocrx_word' id='word_1_97' title='bbox 593 1800 774 1892; x_wconf 78' lang='lat' dir='ltr'>signifioari</span> <span class='ocrx_word' id='word_1_98' title='bbox 792 1811 932 1893; x_wconf 88' lang='lat' dir='ltr'>putent,</span> <span class='ocrx_word' id='word_1_99' title='bbox 957 1809 1012 1885; x_wconf 89' lang='lat' dir='ltr'>ut,</span> <span class='ocrx_word' id='word_1_100' title='bbox 1039 1799 1187 1868; x_wconf 87' lang='lat' dir='ltr'>etiamsi</span> <span class='ocrx_word' id='word_1_101' title='bbox 1210 1798 1276 1866; x_wconf 83' lang='lat' dir='ltr'>ulia</span> 
     </span>
     <span class='ocr_line' id='line_1_14' title="bbox 72 1899 1276 1995; baseline 0.011 -30"><span class='ocrx_word' id='word_1_102' title='bbox 72 1899 77 1906; x_wconf 82' lang='lat'>&#39;</span> <span class='ocrx_word' id='word_1_103' title='bbox 156 1910 357 1990; x_wconf 85' lang='lat' dir='ltr'>argumenta</span> <span class='ocrx_word' id='word_1_104' title='bbox 374 1905 487 1972; x_wconf 91' lang='lat' dir='ltr'>omnia</span> <span class='ocrx_word' id='word_1_105' title='bbox 499 1903 696 1995; x_wconf 89' lang='lat' dir='ltr'>eripiantur,</span> <span class='ocrx_word' id='word_1_106' title='bbox 720 1913 832 1974; x_wconf 88' lang='lat' dir='ltr'>tamen</span> <span class='ocrx_word' id='word_1_107' title='bbox 844 1906 901 1974; x_wconf 82' lang='lat' dir='ltr'>vel</span> <span class='ocrx_word' id='word_1_108' title='bbox 918 1905 991 1976; x_wconf 80' lang='lat' dir='ltr'>sola</span> <span class='ocrx_word' id='word_1_109' title='bbox 1006 1903 1141 1973; x_wconf 87' lang='lat' dir='ltr'>Eumeli</span> <span class='ocrx_word' id='word_1_110' title='bbox 1156 1910 1276 1978; x_wconf 71' lang='lat' dir='ltr'>aucto:</span> 
     </span>
     <span class='ocr_line' id='line_1_15' title="bbox 156 2001 1275 2098; baseline 0.004 -30"><span class='ocrx_word' id='word_1_111' title='bbox 156 2001 253 2071; x_wconf 82' lang='lat' dir='ltr'>ritate</span> <span class='ocrx_word' id='word_1_112' title='bbox 273 2003 451 2074; x_wconf 86' lang='lat' dir='ltr'>fluviorum</span> <span class='ocrx_word' id='word_1_113' title='bbox 472 2006 640 2096; x_wconf 81' lang='lat' dir='ltr'>nymphas</span> <span class='ocrx_word' id='word_1_114' title='bbox 670 2007 786 2077; x_wconf 82' lang='lat' dir='ltr'>Musas</span> <span class='ocrx_word' id='word_1_115' title='bbox 819 2008 926 2078; x_wconf 87' lang='lat' dir='ltr'>dietas</span> <span class='ocrx_word' id='word_1_116' title='bbox 950 2029 1020 2078; x_wconf 87' lang='lat' dir='ltr'>esse</span> <span class='ocrx_word' id='word_1_117' title='bbox 1044 2007 1107 2075; x_wconf 89' lang='lat' dir='ltr'>sibi</span> <span class='ocrx_word' id='word_1_118' title='bbox 1133 2027 1275 2098; x_wconf 86' lang='lat' dir='ltr'>persna-</span> 
     </span>
     <span class='ocr_line' id='line_1_16' title="bbox 155 2103 1290 2198; baseline 0.002 -28"><span class='ocrx_word' id='word_1_119' title='bbox 155 2103 269 2172; x_wconf 88' lang='lat' dir='ltr'>deant.</span> <span class='ocrx_word' id='word_1_120' title='bbox 320 2105 390 2173; x_wconf 87' lang='lat' dir='ltr'>Sed</span> <span class='ocrx_word' id='word_1_121' title='bbox 414 2106 453 2174; x_wconf 92' lang='lat' dir='ltr'>hi</span> <span class='ocrx_word' id='word_1_122' title='bbox 476 2107 578 2175; x_wconf 86' lang='lat' dir='ltr'>velim</span> <span class='ocrx_word' id='word_1_123' title='bbox 601 2109 769 2198; x_wconf 85' lang='lat' dir='ltr'>cogitent,</span> <span class='ocrx_word' id='word_1_124' title='bbox 800 2111 947 2198; x_wconf 85' lang='lat' dir='ltr'>aliquem</span> <span class='ocrx_word' id='word_1_125' title='bbox 967 2110 1136 2180; x_wconf 88' lang='lat' dir='ltr'>tamenin</span> <span class='ocrx_word' id='word_1_126' title='bbox 1156 2132 1199 2175; x_wconf 87' lang='lat' dir='ltr'>ea</span> <span class='ocrx_word' id='word_1_127' title='bbox 1219 2107 1290 2174; x_wconf 87' lang='lat' dir='ltr'>fa-.</span> 
     </span>
     <span class='ocr_line' id='line_1_17' title="bbox 153 2205 1276 2298; baseline 0.002 -24"><span class='ocrx_word' id='word_1_128' title='bbox 153 2205 239 2274; x_wconf 87' lang='lat' dir='ltr'>bula</span> <span class='ocrx_word' id='word_1_129' title='bbox 252 2206 468 2297; x_wconf 86' lang='lat' dir='ltr'>probabilem</span> <span class='ocrx_word' id='word_1_130' title='bbox 482 2231 612 2277; x_wconf 88' lang='lat' dir='ltr'>sensum</span> <span class='ocrx_word' id='word_1_131' title='bbox 634 2209 742 2278; x_wconf 90' lang='lat' dir='ltr'>inesse</span> <span class='ocrx_word' id='word_1_132' title='bbox 760 2210 896 2278; x_wconf 89' lang='lat' dir='ltr'>debere.</span> <span class='ocrx_word' id='word_1_133' title='bbox 945 2210 1052 2296; x_wconf 83' lang='lat' dir='ltr'>Atqui</span> <span class='ocrx_word' id='word_1_134' title='bbox 1070 2209 1097 2275; x_wconf 90' lang='lat' dir='ltr'>si</span> <span class='ocrx_word' id='word_1_135' title='bbox 1117 2208 1276 2298; x_wconf 79' lang='lat' dir='ltr'>danym-</span> 
     </span>
     <span class='ocr_line' id='line_1_18' title="bbox 154 2308 1275 2401; baseline 0.007 -25"><span class='ocrx_word' id='word_1_136' title='bbox 154 2308 236 2400; x_wconf 89' lang='lat' dir='ltr'>phis</span> <span class='ocrx_word' id='word_1_137' title='bbox 253 2309 432 2378; x_wconf 86' lang='lat' dir='ltr'>fluviomm</span> <span class='ocrx_word' id='word_1_138' title='bbox 456 2311 614 2401; x_wconf 85' lang='lat' dir='ltr'>loquutus</span> <span class='ocrx_word' id='word_1_139' title='bbox 636 2322 721 2379; x_wconf 88' lang='lat' dir='ltr'>esset</span> <span class='ocrx_word' id='word_1_140' title='bbox 742 2312 924 2398; x_wconf 82' lang='lat' dir='ltr'>Eumelus,</span> <span class='ocrx_word' id='word_1_141' title='bbox 951 2333 1074 2400; x_wconf 87' lang='lat' dir='ltr'>easque</span> <span class='ocrx_word' id='word_1_142' title='bbox 1096 2311 1184 2378; x_wconf 89' lang='lat' dir='ltr'>filias</span> <span class='ocrx_word' id='word_1_143' title='bbox 1204 2333 1275 2384; x_wconf 78' lang='lat' dir='ltr'>esse</span> 
     </span>
     <span class='ocr_line' id='line_1_19' title="bbox 155 2412 1275 2504; baseline 0 -20"><span class='ocrx_word' id='word_1_144' title='bbox 155 2413 324 2502; x_wconf 81' lang='lat' dir='ltr'>Apollinis</span> <span class='ocrx_word' id='word_1_145' title='bbox 347 2412 496 2501; x_wconf 83' lang='lat' dir='ltr'>dixisset,</span> <span class='ocrx_word' id='word_1_146' title='bbox 531 2412 615 2502; x_wconf 93' lang='lat' dir='ltr'>quid</span> <span class='ocrx_word' id='word_1_147' title='bbox 637 2422 722 2481; x_wconf 89' lang='lat' dir='ltr'>esset</span> <span class='ocrx_word' id='word_1_148' title='bbox 743 2414 900 2498; x_wconf 86' lang='lat' dir='ltr'>tandem,</span> <span class='ocrx_word' id='word_1_149' title='bbox 932 2435 1037 2504; x_wconf 86' lang='lat' dir='ltr'>qnare</span> <span class='ocrx_word' id='word_1_150' title='bbox 1059 2420 1126 2481; x_wconf 87' lang='lat' dir='ltr'>tres</span> <span class='ocrx_word' id='word_1_151' title='bbox 1145 2421 1275 2486; x_wconf 73' lang='lat' dir='ltr'>unum</span> 
     </span>
     <span class='ocr_line' id='line_1_20' title="bbox 154 2514 1275 2606; baseline 0.002 -23"><span class='ocrx_word' id='word_1_152' title='bbox 154 2515 475 2588; x_wconf 80' lang='lat' dir='ltr'>commemorasset?</span> <span class='ocrx_word' id='word_1_153' title='bbox 514 2517 603 2585; x_wconf 88' lang='lat' dir='ltr'>Nam</span> <span class='ocrx_word' id='word_1_154' title='bbox 637 2516 803 2606; x_wconf 90' lang='lat' dir='ltr'>quidquid</span> <span class='ocrx_word' id='word_1_155' title='bbox 833 2518 964 2604; x_wconf 86' lang='lat' dir='ltr'>fnisset,</span> <span class='ocrx_word' id='word_1_156' title='bbox 1017 2514 1113 2605; x_wconf 90' lang='lat' dir='ltr'>quod</span> <span class='ocrx_word' id='word_1_157' title='bbox 1142 2539 1197 2596; x_wconf 86' lang='lat' dir='ltr'>eas</span> <span class='ocrx_word' id='word_1_158' title='bbox 1230 2516 1275 2585; x_wconf 89' lang='lat' dir='ltr'>ab</span> 
     </span>
     <span class='ocr_line' id='line_1_21' title="bbox 59 2618 1273 2712; baseline 0 -24"><span class='ocrx_word' id='word_1_159' title='bbox 59 2681 63 2688; x_wconf 88' lang='lat'><em>.</em></span> <span class='ocrx_word' id='word_1_160' title='bbox 154 2619 319 2711; x_wconf 88' lang='lat' dir='ltr'>Apolline</span> <span class='ocrx_word' id='word_1_161' title='bbox 329 2627 523 2712; x_wconf 86' lang='lat' dir='ltr'>procreatas</span> <span class='ocrx_word' id='word_1_162' title='bbox 538 2620 683 2708; x_wconf 88' lang='lat' dir='ltr'>diceret,</span> <span class='ocrx_word' id='word_1_163' title='bbox 713 2629 806 2690; x_wconf 87' lang='lat' dir='ltr'>certo</span> <span class='ocrx_word' id='word_1_164' title='bbox 829 2641 899 2691; x_wconf 91' lang='lat' dir='ltr'>uon</span> <span class='ocrx_word' id='word_1_165' title='bbox 912 2620 1120 2692; x_wconf 87' lang='lat' dir='ltr'>hostantum</span> <span class='ocrx_word' id='word_1_166' title='bbox 1142 2618 1273 2706; x_wconf 80' lang='lat' dir='ltr'>duvios,</span> 
     </span>
    </p>
   </div>
   <div class='ocr_carea' id='block_1_4' title="bbox 125 2997 1328 4441">
    <p class='ocr_par' dir='ltr' id='par_1_4' title="bbox 125 2997 1328 4441">
     <span class='ocr_line' id='line_1_22' title="bbox 155 2997 1328 3100; baseline 0.001 -25"><span class='ocrx_word' id='word_1_167' title='bbox 155 3013 352 3088; x_wconf 68' lang='lat' dir='ltr'>fabricatum</span> <span class='ocrx_word' id='word_1_168' title='bbox 374 3037 472 3097; x_wconf 85' lang='lat' dir='ltr'>neque</span> <span class='ocrx_word' id='word_1_169' title='bbox 488 3018 659 3081; x_wconf 85' lang='lat' dir='ltr'>Gratiarum</span> <span class='ocrx_word' id='word_1_170' title='bbox 680 3016 900 3100; x_wconf 85' lang='lat' dir='ltr'>Euphrosynen</span> <span class='ocrx_word' id='word_1_171' title='bbox 920 2997 993 3099; x_wconf 72' lang='lat' dir='ltr'>prae</span> <span class='ocrx_word' id='word_1_172' title='bbox 1016 3018 1168 3080; x_wconf 88' lang='lat' dir='ltr'>sororibus</span> <span class='ocrx_word' id='word_1_173' title='bbox 1181 3017 1272 3076; x_wconf 85' lang='lat' dir='ltr'>hilari</span> <span class='ocrx_word' id='word_1_174' title='bbox 1323 3009 1328 3020; x_wconf 66' lang='grc'><em>’</em></span> 
     </span>
     <span class='ocr_line' id='line_1_23' title="bbox 155 3101 1271 3184; baseline -0.001 -24"><span class='ocrx_word' id='word_1_175' title='bbox 155 3101 247 3161; x_wconf 85' lang='lat' dir='ltr'>fuisse</span> <span class='ocrx_word' id='word_1_176' title='bbox 263 3102 381 3163; x_wconf 78' lang='lat' dir='ltr'>animoa</span> <span class='ocrx_word' id='word_1_177' title='bbox 402 3103 436 3162; x_wconf 90' lang='lat' dir='ltr'>id</span> <span class='ocrx_word' id='word_1_178' title='bbox 451 3105 539 3165; x_wconf 86' lang='lat' dir='ltr'>etiarn</span> <span class='ocrx_word' id='word_1_179' title='bbox 557 3105 735 3165; x_wconf 87' lang='lat' dir='ltr'>corroborat</span> <span class='ocrx_word' id='word_1_180' title='bbox 749 3125 783 3164; x_wconf 88' lang='lat' dir='ltr'>ea</span> <span class='ocrx_word' id='word_1_181' title='bbox 801 3124 877 3184; x_wconf 87' lang='lat' dir='ltr'>quaa</span> <span class='ocrx_word' id='word_1_182' title='bbox 894 3104 966 3164; x_wconf 85' lang='lat' dir='ltr'>dixi.</span> <span class='ocrx_word' id='word_1_183' title='bbox 1010 3105 1177 3182; x_wconf 90' lang='lat' dir='ltr'>Cyclopum</span> <span class='ocrx_word' id='word_1_184' title='bbox 1193 3104 1271 3160; x_wconf 89' lang='lat' dir='ltr'>enim</span> 
     </span>
     <span class='ocr_line' id='line_1_24' title="bbox 157 3186 1271 3266; baseline 0 -22"><span class='ocrx_word' id='word_1_185' title='bbox 157 3188 276 3246; x_wconf 87' lang='lat' dir='ltr'>nomina</span> <span class='ocrx_word' id='word_1_186' title='bbox 290 3207 378 3247; x_wconf 88' lang='lat' dir='ltr'>nemo</span> <span class='ocrx_word' id='word_1_187' title='bbox 393 3206 454 3246; x_wconf 90' lang='lat' dir='ltr'>non</span> <span class='ocrx_word' id='word_1_188' title='bbox 474 3188 558 3247; x_wconf 85' lang='lat' dir='ltr'>videt</span> <span class='ocrx_word' id='word_1_189' title='bbox 570 3190 701 3265; x_wconf 85' lang='lat' dir='ltr'>tonitru,</span> <span class='ocrx_word' id='word_1_190' title='bbox 727 3189 857 3264; x_wconf 78' lang='lat' dir='ltr'>fulmen,</span> <span class='ocrx_word' id='word_1_191' title='bbox 879 3197 909 3248; x_wconf 86' lang='lat' dir='ltr'>et</span> <span class='ocrx_word' id='word_1_192' title='bbox 933 3189 1165 3266; x_wconf 84' lang='lat' dir='ltr'>fulgurationem</span> <span class='ocrx_word' id='word_1_193' title='bbox 1180 3186 1271 3265; x_wconf 84' lang='lat' dir='ltr'>signi-</span> 
     </span>
     <span class='ocr_line' id='line_1_25' title="bbox 155 3269 1271 3365; baseline 0.002 -37"><span class='ocrx_word' id='word_1_194' title='bbox 155 3269 264 3348; x_wconf 86' lang='lat' dir='ltr'>ficare,</span> <span class='ocrx_word' id='word_1_195' title='bbox 287 3290 425 3350; x_wconf 88' lang='lat' dir='ltr'>quaeres</span> <span class='ocrx_word' id='word_1_196' title='bbox 440 3272 481 3329; x_wconf 89' lang='lat' dir='ltr'>ita</span> <span class='ocrx_word' id='word_1_197' title='bbox 501 3281 571 3332; x_wconf 85' lang='lat' dir='ltr'>sunt</span> <span class='ocrx_word' id='word_1_198' title='bbox 587 3273 749 3348; x_wconf 84' lang='lat' dir='ltr'>discretae,</span> <span class='ocrx_word' id='word_1_199' title='bbox 770 3281 806 3329; x_wconf 86' lang='lat' dir='ltr'>ut</span> <span class='ocrx_word' id='word_1_200' title='bbox 828 3290 884 3331; x_wconf 85' lang='lat' dir='ltr'>nec</span> <span class='ocrx_word' id='word_1_201' title='bbox 899 3272 1015 3332; x_wconf 83' lang='lat' dir='ltr'>tonitru</span> <span class='ocrx_word' id='word_1_202' title='bbox 1028 3272 1067 3331; x_wconf 84' lang='lat' dir='ltr'>sit</span> <span class='ocrx_word' id='word_1_203' title='bbox 1085 3272 1200 3365; x_wconf 58' lang='lat' dir='ltr'>tulmen</span> <span class='ocrx_word' id='word_1_204' title='bbox 1219 3279 1271 3330; x_wconf 87' lang='lat' dir='ltr'>aut</span> 
     </span>
     <span class='ocr_line' id='line_1_26' title="bbox 155 3355 1270 3436; baseline 0.001 -22"><span class='ocrx_word' id='word_1_205' title='bbox 155 3355 336 3435; x_wconf 81' lang='lat' dir='ltr'>fulguratio,</span> <span class='ocrx_word' id='word_1_206' title='bbox 359 3377 415 3416; x_wconf 87' lang='lat' dir='ltr'>neo</span> <span class='ocrx_word' id='word_1_207' title='bbox 432 3356 595 3434; x_wconf 82' lang='lat' dir='ltr'>fulguratio</span> <span class='ocrx_word' id='word_1_208' title='bbox 607 3357 722 3416; x_wconf 87' lang='lat' dir='ltr'>fulmen</span> <span class='ocrx_word' id='word_1_209' title='bbox 746 3357 940 3430; x_wconf 76' lang='lat' dir='ltr'>auttonitru3</span> <span class='ocrx_word' id='word_1_210' title='bbox 962 3357 1126 3436; x_wconf 88' lang='lat' dir='ltr'>eodemque</span> <span class='ocrx_word' id='word_1_211' title='bbox 1140 3357 1199 3416; x_wconf 86' lang='lat' dir='ltr'>tria</span> <span class='ocrx_word' id='word_1_212' title='bbox 1212 3377 1270 3416; x_wconf 89' lang='lat' dir='ltr'>no-</span> 
     </span>
     <span class='ocr_line' id='line_1_27' title="bbox 155 3439 1270 3520; baseline -0.001 -21"><span class='ocrx_word' id='word_1_213' title='bbox 155 3442 235 3502; x_wconf 88' lang='lat' dir='ltr'>mina</span> <span class='ocrx_word' id='word_1_214' title='bbox 253 3442 424 3502; x_wconf 83' lang='lat' dir='ltr'>Gratiarum</span> <span class='ocrx_word' id='word_1_215' title='bbox 444 3451 505 3502; x_wconf 85' lang='lat' dir='ltr'>tres</span> <span class='ocrx_word' id='word_1_216' title='bbox 527 3442 662 3504; x_wconf 85' lang='lat' dir='ltr'>diversos</span> <span class='ocrx_word' id='word_1_217' title='bbox 678 3450 785 3501; x_wconf 88' lang='lat' dir='ltr'>notant</span> <span class='ocrx_word' id='word_1_218' title='bbox 801 3441 975 3520; x_wconf 86' lang='lat' dir='ltr'>voluptatis·</span> <span class='ocrx_word' id='word_1_219' title='bbox 986 3441 1110 3520; x_wconf 88' lang='lat' dir='ltr'>gradus,</span> <span class='ocrx_word' id='word_1_220' title='bbox 1131 3439 1270 3514; x_wconf 82' lang='lat' dir='ltr'>hilarita-</span> 
     </span>
     <span class='ocr_line' id='line_1_28' title="bbox 125 3524 1270 3608; baseline -0.003 -20"><span class='ocrx_word' id='word_1_221' title='bbox 125 3577 128 3582; x_wconf 79' lang='grc'><em>,</em></span> <span class='ocrx_word' id='word_1_222' title='bbox 154 3535 238 3606; x_wconf 87' lang='lat' dir='ltr'>tem,</span> <span class='ocrx_word' id='word_1_223' title='bbox 258 3526 420 3598; x_wconf 83' lang='lat' dir='ltr'>laetitiam,</span> <span class='ocrx_word' id='word_1_224' title='bbox 442 3525 593 3604; x_wconf 81' lang='lat' dir='ltr'>gaudium.</span> <span class='ocrx_word' id='word_1_225' title='bbox 613 3527 695 3608; x_wconf 53' lang='lat' dir='ltr'>‚lion</span> <span class='ocrx_word' id='word_1_226' title='bbox 718 3527 789 3607; x_wconf 86' lang='lat' dir='ltr'>plus</span> <span class='ocrx_word' id='word_1_227' title='bbox 808 3526 950 3605; x_wconf 85' lang='lat' dir='ltr'>ponderis</span> <span class='ocrx_word' id='word_1_228' title='bbox 964 3524 1072 3596; x_wconf 87' lang='lat' dir='ltr'>habet,</span> <span class='ocrx_word' id='word_1_229' title='bbox 1095 3525 1176 3605; x_wconf 90' lang='lat' dir='ltr'>quod</span> <span class='ocrx_word' id='word_1_230' title='bbox 1196 3525 1270 3584; x_wconf 86' lang='lat' dir='ltr'>Par-</span> 
     </span>
     <span class='ocr_line' id='line_1_29' title="bbox 156 3610 1271 3692; baseline -0.004 -20"><span class='ocrx_word' id='word_1_231' title='bbox 156 3631 259 3672; x_wconf 86' lang='lat' dir='ltr'>carum</span> <span class='ocrx_word' id='word_1_232' title='bbox 275 3612 365 3671; x_wconf 84' lang='lat' dir='ltr'>unius</span> <span class='ocrx_word' id='word_1_233' title='bbox 378 3611 537 3692; x_wconf 90' lang='lat' dir='ltr'>proprium</span> <span class='ocrx_word' id='word_1_234' title='bbox 558 3633 665 3672; x_wconf 90' lang='lat' dir='ltr'>nomen</span> <span class='ocrx_word' id='word_1_235' title='bbox 683 3610 722 3670; x_wconf 87' lang='lat' dir='ltr'>ud</span> <span class='ocrx_word' id='word_1_236' title='bbox 738 3631 842 3670; x_wconf 87' lang='lat' dir='ltr'>omnes</span> <span class='ocrx_word' id='word_1_237' title='bbox 855 3612 1030 3670; x_wconf 87' lang='lat' dir='ltr'>translatum</span> <span class='ocrx_word' id='word_1_238' title='bbox 1048 3617 1271 3684; x_wconf 87' lang='lat' dir='ltr'>commemorat,</span> 
     </span>
     <span class='ocr_line' id='line_1_30' title="bbox 154 3693 1270 3772; baseline -0.002 -16"><span class='ocrx_word' id='word_1_239' title='bbox 154 3705 191 3756; x_wconf 88' lang='lat' dir='ltr'>ut</span> <span class='ocrx_word' id='word_1_240' title='bbox 210 3700 363 3769; x_wconf 76' lang='grc' dir='ltr'><strong><em>Κλωθῶες</em></strong></span> <span class='ocrx_word' id='word_1_241' title='bbox 384 3697 434 3756; x_wconf 84' lang='lat' dir='ltr'>vel</span> <span class='ocrx_word' id='word_1_242' title='bbox 449 3700 578 3771; x_wconf 72' lang='grc' dir='ltr'><strong><em>Κλεόθες</em></strong></span> <span class='ocrx_word' id='word_1_243' title='bbox 600 3695 649 3756; x_wconf 91' lang='lat' dir='ltr'>vel</span> <span class='ocrx_word' id='word_1_244' title='bbox 671 3699 875 3769; x_wconf 77' lang='grc' dir='ltr'><strong><em>Κατακλῡῖθες</em></strong></span> <span class='ocrx_word' id='word_1_245' title='bbox 891 3695 1074 3756; x_wconf 85' lang='lat' dir='ltr'>dicerentur.</span> <span class='ocrx_word' id='word_1_246' title='bbox 1096 3695 1171 3754; x_wconf 86' lang='lat' dir='ltr'>Nam</span> <span class='ocrx_word' id='word_1_247' title='bbox 1187 3693 1270 3772; x_wconf 86' lang='lat' dir='ltr'>quod</span> 
     </span>
     <span class='ocr_line' id='line_1_31' title="bbox 152 3776 1271 3863; baseline -0.011 -19"><span class='ocrx_word' id='word_1_248' title='bbox 152 3781 206 3844; x_wconf 84' lang='lat' dir='ltr'>uni</span> <span class='ocrx_word' id='word_1_249' title='bbox 229 3782 387 3858; x_wconf 77' lang='lat' dir='ltr'>convenit,</span> <span class='ocrx_word' id='word_1_250' title='bbox 410 3789 493 3841; x_wconf 89' lang='lat' dir='ltr'>recte</span> <span class='ocrx_word' id='word_1_251' title='bbox 509 3780 589 3841; x_wconf 90' lang='lat' dir='ltr'>trahi</span> <span class='ocrx_word' id='word_1_252' title='bbox 602 3789 703 3863; x_wconf 90' lang='lat' dir='ltr'>potest</span> <span class='ocrx_word' id='word_1_253' title='bbox 723 3781 763 3840; x_wconf 88' lang='lat' dir='ltr'>ad</span> <span class='ocrx_word' id='word_1_254' title='bbox 784 3799 902 3857; x_wconf 89' lang='lat' dir='ltr'>omnes,</span> <span class='ocrx_word' id='word_1_255' title='bbox 932 3781 958 3839; x_wconf 89' lang='lat' dir='ltr'>si</span> <span class='ocrx_word' id='word_1_256' title='bbox 980 3779 1117 3840; x_wconf 70' lang='lat' dir='ltr'>omnium¹</span> <span class='ocrx_word' id='word_1_257' title='bbox 1130 3776 1271 3838; x_wconf 89' lang='lat' dir='ltr'>consimi.</span> 
     </span>
     <span class='ocr_line' id='line_1_32' title="bbox 154 3864 1270 3946; baseline -0.003 -19"><span class='ocrx_word' id='word_1_258' title='bbox 154 3868 196 3942; x_wconf 34' lang='lat' dir='ltr'>lis,</span> <span class='ocrx_word' id='word_1_259' title='bbox 206 3870 285 3927; x_wconf 89' lang='lat' dir='ltr'>ratio</span> <span class='ocrx_word' id='word_1_260' title='bbox 305 3874 368 3942; x_wconf 82' lang='lat' dir='ltr'>est3</span> <span class='ocrx_word' id='word_1_261' title='bbox 391 3886 452 3925; x_wconf 92' lang='lat' dir='ltr'>non</span> <span class='ocrx_word' id='word_1_262' title='bbox 466 3875 564 3926; x_wconf 82' lang='lat' dir='ltr'>autem</span> <span class='ocrx_word' id='word_1_263' title='bbox 581 3865 664 3946; x_wconf 92' lang='lat' dir='ltr'>quod</span> <span class='ocrx_word' id='word_1_264' title='bbox 685 3885 844 3926; x_wconf 87' lang='lat' dir='ltr'>commune</span> <span class='ocrx_word' id='word_1_265' title='bbox 859 3875 905 3927; x_wconf 88' lang='lat' dir='ltr'>est</span> <span class='ocrx_word' id='word_1_266' title='bbox 923 3866 1072 3940; x_wconf 88' lang='lat' dir='ltr'>omnium,</span> <span class='ocrx_word' id='word_1_267' title='bbox 1095 3864 1148 3922; x_wconf 91' lang='lat' dir='ltr'>uni</span> <span class='ocrx_word' id='word_1_268' title='bbox 1168 3871 1270 3944; x_wconf 78' lang='lat' dir='ltr'>potest</span> 
     </span>
     <span class='ocr_line' id='line_1_33' title="bbox 153 3949 1273 4031; baseline -0.004 -19"><span class='ocrx_word' id='word_1_269' title='bbox 153 3972 172 4012; x_wconf 89' lang='lat' dir='ltr'>a</span> <span class='ocrx_word' id='word_1_270' title='bbox 197 3951 322 4012; x_wconf 79' lang='lat' dir='ltr'>caeteris</span> <span class='ocrx_word' id='word_1_271' title='bbox 347 3949 555 4031; x_wconf 84' lang='lat' dir='ltr'>distinguendo</span> <span class='ocrx_word' id='word_1_272' title='bbox 584 3951 737 4012; x_wconf 84' lang='lat' dir='ltr'>inservire.</span> <span class='ocrx_word' id='word_1_273' title='bbox 781 3951 923 4012; x_wconf 87' lang='lat' dir='ltr'>Horatius</span> <span class='ocrx_word' id='word_1_274' title='bbox 941 3971 1035 4031; x_wconf 89' lang='lat' dir='ltr'>quum</span> <span class='ocrx_word' id='word_1_275' title='bbox 1056 3949 1152 4027; x_wconf 82' lang='lat' dir='ltr'>dixit,</span> <span class='ocrx_word' id='word_1_276' title='bbox 1181 3968 1273 4028; x_wconf 85' lang='lat' dir='ltr'>quem</span> 
     </span>
     <span class='ocr_line' id='line_1_34' title="bbox 155 4033 1268 4116; baseline -0.004 -20"><span class='ocrx_word' id='word_1_277' title='bbox 155 4047 211 4114; x_wconf 84' lang='lat' dir='ltr'>tu,</span> <span class='ocrx_word' id='word_1_278' title='bbox 246 4038 444 4116; x_wconf 83' lang='lat' dir='ltr'>Melpomene,</span> <span class='ocrx_word' id='word_1_279' title='bbox 487 4039 579 4096; x_wconf 78' lang='lat' dir='ltr'>amiel</span> <span class='ocrx_word' id='word_1_280' title='bbox 623 4046 793 4114; x_wconf 71' lang='lat' dir='ltr'>pascentem</span> <span class='ocrx_word' id='word_1_281' title='bbox 826 4034 954 4114; x_wconf 87' lang='lat' dir='ltr'>placido</span> <span class='ocrx_word' id='word_1_282' title='bbox 991 4037 1107 4094; x_wconf 83' lang='lat' dir='ltr'>lumine</span> <span class='ocrx_word' id='word_1_283' title='bbox 1143 4033 1268 4110; x_wconf 74' lang='lat' dir='ltr'>videris,</span> 
     </span>
     <span class='ocr_line' id='line_1_35' title="bbox 153 4119 1268 4205; baseline -0.004 -23"><span class='ocrx_word' id='word_1_284' title='bbox 153 4131 277 4205; x_wconf 84' lang='lat' dir='ltr'>poterat</span> <span class='ocrx_word' id='word_1_285' title='bbox 304 4141 360 4201; x_wconf 92' lang='lat' dir='ltr'>pro</span> <span class='ocrx_word' id='word_1_286' title='bbox 390 4121 574 4202; x_wconf 84' lang='lat' dir='ltr'>Melpomene</span> <span class='ocrx_word' id='word_1_287' title='bbox 606 4122 720 4182; x_wconf 82' lang='lat' dir='ltr'>Musam</span> <span class='ocrx_word' id='word_1_288' title='bbox 749 4120 869 4182; x_wconf 83' lang='lat' dir='ltr'>dicere:</span> <span class='ocrx_word' id='word_1_289' title='bbox 904 4141 966 4181; x_wconf 92' lang='lat' dir='ltr'>non</span> <span class='ocrx_word' id='word_1_290' title='bbox 993 4120 1095 4201; x_wconf 90' lang='lat' dir='ltr'>potuit</span> <span class='ocrx_word' id='word_1_291' title='bbox 1121 4140 1178 4200; x_wconf 89' lang='lat' dir='ltr'>pro</span> <span class='ocrx_word' id='word_1_292' title='bbox 1208 4119 1268 4178; x_wconf 87' lang='lat' dir='ltr'>Eu·</span> 
     </span>
     <span class='ocr_line' id='line_1_36' title="bbox 154 4204 1268 4296; baseline -0.004 -29"><span class='ocrx_word' id='word_1_293' title='bbox 154 4216 242 4287; x_wconf 83' lang='lat' dir='ltr'>torpe</span> <span class='ocrx_word' id='word_1_294' title='bbox 266 4206 316 4267; x_wconf 89' lang='lat' dir='ltr'>vel</span> <span class='ocrx_word' id='word_1_295' title='bbox 344 4205 562 4296; x_wconf 66' lang='lat' dir='ltr'>Polyhymnia,</span> <span class='ocrx_word' id='word_1_296' title='bbox 606 4227 666 4287; x_wconf 90' lang='lat' dir='ltr'>quo</span> <span class='ocrx_word' id='word_1_297' title='bbox 694 4208 763 4266; x_wconf 88' lang='lat' dir='ltr'>loco</span> <span class='ocrx_word' id='word_1_298' title='bbox 802 4206 942 4286; x_wconf 82' lang='lat' dir='ltr'>scripsit,</span> <span class='ocrx_word' id='word_1_299' title='bbox 985 4209 1015 4264; x_wconf 81' lang='lat' dir='ltr'>si</span> <span class='ocrx_word' id='word_1_300' title='bbox 1050 4226 1141 4286; x_wconf 82' lang='lat' dir='ltr'>neque</span> <span class='ocrx_word' id='word_1_301' title='bbox 1174 4204 1268 4262; x_wconf 81' lang='lat' dir='ltr'>tibias</span> 
     </span>
     <span class='ocr_line' id='line_1_37' title="bbox 154 4289 1283 4374; baseline -0.004 -22"><span class='ocrx_word' id='word_1_302' title='bbox 154 4293 290 4374; x_wconf 73' lang='lat' dir='ltr'>Euterpe</span> <span class='ocrx_word' id='word_1_303' title='bbox 303 4289 434 4372; x_wconf 78' lang='lat' dir='ltr'>cohibet,</span> <span class='ocrx_word' id='word_1_304' title='bbox 455 4313 509 4352; x_wconf 83' lang='lat' dir='ltr'>nee</span> <span class='ocrx_word' id='word_1_305' title='bbox 527 4293 732 4373; x_wconf 78' lang='lat' dir='ltr'>Polyhymnia</span> <span class='ocrx_word' id='word_1_306' title='bbox 751 4290 902 4352; x_wconf 81' lang='lat' dir='ltr'>Lesboum</span> <span class='ocrx_word' id='word_1_307' title='bbox 922 4292 1041 4374; x_wconf 77' lang='lat' dir='ltr'>refugit</span> <span class='ocrx_word' id='word_1_308' title='bbox 1062 4289 1181 4353; x_wconf 80' lang='lat' dir='ltr'>tendere</span> <span class='ocrx_word' id='word_1_309' title='bbox 1195 4289 1283 4348; x_wconf 75' lang='lat' dir='ltr'>bar-¹</span> 
     </span>
     <span class='ocr_line' id='line_1_38' title="bbox 153 4377 258 4441; baseline 0 -3"><span class='ocrx_word' id='word_1_310' title='bbox 153 4377 258 4441; x_wconf 77' lang='lat' dir='ltr'>bitom</span> 
     </span>
    </p>
   </div>
   <div class='ocr_carea' id='block_1_5' title="bbox 0 0 1544 5054">
    <p class='ocr_par' dir='ltr' id='par_1_5' title="bbox 0 0 1544 5054">
     <span class='ocr_line' id='line_1_39' title="bbox 0 0 1544 5054; baseline 0 2"><span class='ocrx_word' id='word_1_311' title='bbox 0 0 1544 5054; x_wconf 95' lang='lat' dir='ltr'> </span> 
     </span>
    </p>
   </div>
  </div>
 </body>
</html>
