3078 5026
490 407 492 418 ·
547 355 868 432 nrssnurluro
889 368 926 432 ll.
1212 373 1283 440 iffi

158 538 312 631 clarunt3
337 547 549 632 praesentem
564 541 697 613 fabular
711 563 786 613 snas
798 541 963 628 docuisse,
988 542 1184 635 gravissimo
1197 551 1282 618 teste

161 642 343 716 Athenaeo
362 645 533 726 evicimns3
557 645 708 718 Siciliam
729 654 808 738 post
829 645 1056 715 Eumenidum
1072 648 1281 718 commisio-

160 769 243 816 nem
257 747 409 836 petiisse,
433 748 621 820 luculenter
635 750 780 820 ostendit
791 749 880 818 vitre
897 750 1058 841 scriptor,
1082 751 1182 820 tertio
1201 761 1282 844 post

160 871 252 918 anno
275 859 445 920 mortuum
465 875 619 936 narrans;
659 853 752 922 idern
775 853 891 922 mortis
921 873 1024 922 annus
1052 851 1089 921 in
1111 875 1281 924 marmore
1368 939 1374 956 ι

159 953 264 1022 Pario
280 953 493 1046 oorrsignatus
515 965 581 1039 est3
607 956 751 1048 denique
775 956 810 1024 in
835 955 951 1026 Sicilia
972 945 1142 1025 mortuum
1163 958 1281 1049 sepul-

159 1063 302 1146 tumque
319 1079 410 1144 esse,
436 1058 654 1130 certissimum
676 1069 741 1130 est:
765 1068 821 1143 ut,
847 1081 952 1150 quum
975 1059 1044 1128 ianr
1068 1060 1280 1150 exploratum

159 1157 369 1246 babeamus,
395 1184 482 1230 anno
499 1185 577 1232 eum
594 1164 709 1232 aetatis
724 1161 819 1230 bxv
834 1162 986 1232 Athenas
1006 1162 1198 1253 reliquisse,
1223 1185 1281 1233 sr-

158 1283 408 1354 pervacaneum
422 1266 479 1350 sit,
507 1289 568 1336 cur
580 1266 617 1334 id
636 1266 771 1349 fecerit,
797 1285 968 1353 quaerere
1019 1265 1090 1335 Sed
1104 1265 1281 1336 nibilomi-

160 1388 223 1446 nns
241 1388 420 1455 quaeram,
446 1391 489 1437 an
513 1379 656 1461 propter
677 1369 883 1438 Eumenides
907 1367 1035 1437 abierit
1086 1369 1165 1438 Non
1188 1356 1279 1438 enirn

161 1469 420 1538 concedendum
439 1485 544 1564 puto,
578 1473 749 1555 fabulam,
782 1493 851 1560 qua
869 1470 1013 1556 vicerat,
1038 1493 1107 1540 non
1131 1474 1280 1592 potuisse

159 1571 200 1640 in
216 1595 330 1642 caussa
354 1597 444 1660 esse,
470 1585 509 1644 ut
529 1578 673 1668 patriam
694 1575 909 1666 relinqueret.
960 1576 1081 1664 Neque
1103 1575 1192 1644 eninr
1214 1573 1281 1643 mi-

159 1699 238 1744 rum
251 1676 359 1761 foret,
384 1677 428 1762 si,
455 1701 543 1773 quae
562 1688 634 1748 erat
649 1677 767 1746 levitas
786 1676 1056 1763 Atheniensium,
1082 1699 1186 1768 quem
1201 1699 1280 1746 ruo-

160 1765 386 1850 devictorem
409 1790 641 1867 coronassent,
667 1780 825 1852 eumdem
852 1789 995 1872 propter
1018 1781 1155 1850 easdem
1177 1781 1280 1850 fabu-

160 1881 243 1950 las
233 1906 268 1950 ιιι
289 1882 339 1952 ius
362 1886 577 1956 vocavissent.
630 1885 728 1970 Quae
750 1909 772 1953 a
791 1884 881 1954 vitae
902 1885 1066 1976 scriptore
1081 1893 1116 1954 et
1136 1884 1280 1955 Polluce

160 1985 206 2053 de
228 1985 337 2055 choro
362 1988 590 2058 Eumenidum
619 1989 741 2057 tradita
764 1997 858 2074 sunt,
898 1996 1081 2078 utcumque
1110 1987 1278 2074 sabulosa,

159 2085 249 2158 hanc
263 2099 376 2158 tamen
393 2092 461 2158 uim
480 2092 627 2178 habent,
651 2099 689 2161 ut
704 2101 862 2184 arguant,
888 2091 1009 2175 fnisse,
1035 2090 1130 2180 quod
1148 2090 1183 2158 in
1204 2091 1280 2158 Eu·

158 2193 332 2260 menidum
364 2192 472 2263 ebore
496 2196 753 2286 improbaretur.
811 2193 896 2262 lnde
926 2193 1083 2280 quidam,
1123 2203 1160 2261 nt
1181 2193 1280 2261 Peri-

157 2295 274 2363 zonius
289 2295 334 2362 ad
351 2296 531 2365 Aelianum
550 2298 593 2369 V.
606 2297 652 2365 Η.
666 2296 710 2364 V.
729 2294 789 2364 19.
805 2317 910 2384 quum
926 2295 1097 2384 riderent,
1123 2292 1281 2384 Aeschy-

156 2398 231 2465 lum
253 2397 436 2484 aliquandc
458 2421 554 2468 reum
574 2399 753 2489 impietatis
773 2398 902 2466 factum
927 2396 1012 2482 dici,
1047 2419 1122 2464 eam
1139 2418 1280 2466 accusa·

157 2500 287 2567 tionem
301 2501 347 2568 ob
367 2501 572 2570 Eumenides
585 2502 769 2570 institutam
788 2507 957 2591 putarunt.
1009 2497 1068 2568 Sic
1084 2499 1184 2567 etiam
1201 2523 1281 2567 sen-

158 2602 200 2671 sit
215 2603 448 2694 Musgravius,
474 2605 617 2675 Aeliano
632 2612 751 2673 testem
769 2603 956 2694 adiungens
975 2602 1158 2692 Apsinem‚
1187 2600 1279 2672 cnius'

157 2705 275 2774 locum
292 2729 361 2774 nen
375 2707 507 2777 videtur
522 2706 702 2800 inspexisse
716 2705 924 2778 Boeclrlrins.
979 2706 1088 2776 Aliter
1102 2706 1280 2777 conliden-

158 2809 239 2893 tins,
266 2811 408 2902 opinor,
432 2835 468 2902 p.
486 2811 547 2880 39.
567 2811 661 2880 illam
679 2810 859 2903 impietatis
878 2809 1125 2878 accusationem
1140 2810 1185 2878 ad
1205 2812 1280 2879 Eu-

157 2912 309 2982 menides
330 2914 516 3000 retulisset,
529 2937 648 3004 xquum
665 2923 758 2983 recte
780 2913 1022 2998 observaverit,
1048 2915 1287 2982 accusationes

158 3037 261 3106 saepe
284 3016 385 3107 plura
413 3019 608 3110 complexas
637 3040 706 3087 esse
728 3017 849 3108 capita.
900 3016 971 3085 Sed
998 3039 1042 3084 ne
1063 3017 1279 3108 Musgravius

158 3118 298 3206 quidem
313 3122 425 3188 omnia
438 3121 570 3190 uidetur
591 3121 820 3213 perpendisse,
843 3120 901 3208 qui
922 3141 1034 3186 versus
1049 3119 1278 3187 Eumenidum

159 3243 192 3288 ι.
202 3220 347 3290 *tu-te.
363 3219 561 3292 185-197.
578 3223 623 3291 ad
636 3224 817 3314 impietatis
833 3221 1095 3290 criminationem
1109 3221 1280 3291 adhibitos

159 3325 337 3415 putauerit.
387 3329 516 3419 Aperte
542 3328 630 3400 enim
649 3326 841 3448 refragatur
856 3325 1030 3449 Apsines,
1066 3325 1120 3394 ita
1133 3326 1280 3394 scribens

157 3448 195 3518 p.
216 3425 303 3496 680.
333 3427 463 3498 media:
496 3435 533 3504 οἱ
556 3434 622 3503 ἐνιι
607 3416 905 3508 Ποτιδαιᾶιαις
927 3421 1137 3524 κρινόμενοι
1159 3423 1280 3554 'Aim-
1525 3497 1526 3506 ,

158 3535 279 3626 ναῖοι,
310 3530 369 3604 καὶ
391 3526 612 3622 Arcxdloc’
594 3532 653 3606 cal
677 3537 758 3661 apic
778 3528 978 3623 Εὐμενίσι,
1005 3527 1063 3600 ναὶ
1089 3526 1110 3600 ὁ
1131 3527 1188 3600 ἐπὶ
1206 3529 1280 3601 τοῖν

121 3657 125 3668 ’
157 3628 419 3723 λιμωττόντων
440 3635 621 3723 Σκυθῶν,
654 3632 715 3705 καὶ
737 3633 794 3706 tat
818 3625 990 3709 udonus
1018 3627 1111 3702 ὅπου
1133 3630 1226 3721 μέγα
1241 3658 1280 3703 τι

158 3735 220 3806 aci
241 3733 518 3833 ω’μολογημιΐνον
539 3764 583 3809 το
577 3731 776 3832 deasque.
827 3733 982 3818 Quorum
997 3734 1177 3801 verborum
1192 3755 1280 3822 quae

158 3837 279 3907 ultima
299 3848 391 3925 sunt,
416 3840 494 3908 setis
516 3838 746 3910 demonstrent
764 3859 915 3908 caussam
929 3837 1026 3904 istarn
1042 3837 1163 3903 nonin
1175 3838 1281 3906 versi-

157 3941 221 4010 bus
243 3941 326 4028 illis,
352 3943 412 4032 qni
437 3964 504 4012 non
526 3943 635 4036 magis
656 3941 752 4034 impii
772 3950 862 4026 sunt,
897 3961 999 4029 quam
1020 3935 1118 4008 multi
1138 3939 1280 4008 aliorum
1412 4013 1415 4019 ,

157 4055 272 4112 versus
298 4047 524 4138 tragicorum,
566 4047 627 4116 sed
651 4044 686 4113 in
711 4067 838 4138 magno
865 4044 980 4132 alique
1008 4051 1193 4134 apertoque
1213 4043 1281 4115 cri·

159 4145 251 4215 mirre
269 4159 432 4216 versatam
453 4173 533 4220 esse.
585 4151 625 4218 ln
648 4159 812 4240 promptu
828 4154 893 4231 est,
919 4167 987 4214 non
1006 4145 1043 4214 id
1060 4146 1153 4216 alind
1167 4147 1279 4232 fuisse,

159 4271 265 4338 quam
278 4251 372 4338 quod
392 4274 457 4342 pro
476 4253 600 4354 tribus,
626 4273 708 4340 quas
732 4251 848 4320 civitas
868 4250 1030 4335 coleret,
1026 4249 1148 4319 Furiis
1168 4251 1327 4320 mulcete

161 4353 276 4444 plures
286 4343 543 4426 introduxisset
551 4341 689 4424 Mirum
705 4362 754 4424 est
768 4363 892 4441 tamen,
907 4353 1197 4526 aliosLscpptores,
1222 4352 1283 4440 qni
