3078 5026
401 308 656 390 ,.uauavna,
680 311 979 403 annuamus
1194 318 1259 386 ruo

141 489 195 552 ret
211 487 357 566 cantatur
372 482 436 572 qui
453 503 522 571 non
532 482 603 552 nisi
623 481 771 575 duplicis
787 507 962 556 mensurae
983 485 1177 558 umectam
1193 485 1258 560 td-

142 585 296 654 mitteret.
359 585 430 654 Sed
461 585 531 657 hoc
544 647 547 655 .
561 586 700 676 quidem
733 586 837 658 facile
870 589 1024 681 omnibus
1048 592 1256 683 probabitur.

142 686 469 759 llludzverominum
485 689 655 780 plerisque
675 698 708 759 et
730 690 928 762 incredibile
951 691 1093 777 accidet,
1119 696 1148 762 si
1161 695 1257 764 dixe-

140 792 262 877 rimus,
293 791 363 859 etsi
387 799 512 883 poetae
539 792 664 864 Gracci
683 802 827 884 propter
844 787 983 887 lmgnac
1005 817 1085 866 suae
1105 805 1257 868 naturam

141 917 213 966 non
234 894 386 987 pluribus
410 904 563 981 utantur,
597 915 698 985 quam
720 894 850 966 duabus
869 900 1046 984 mensuris,
1079 893 1192 970 umen
1216 923 1257 972 ex

140 998 221 1091 ipsis
245 1018 363 1092 eorum
375 997 488 1068 metris
500 998 681 1088 aliquando
701 999 822 1092 colligi
835 1021 947 1092 posse,
972 1002 1093 1092 quibus
1109 1001 1144 1070 in
1158 1014 1258 1074 cantu

141 1099 343 1192 rbuthrnicis
369 1101 610 1194 mensurisvel
636 1125 705 1173 uon
726 1104 796 1188 usi,
836 1104 893 1174 vel
916 1106 1018 1176 want
1045 1106 1097 1172 usi
1113 1128 1185 1176 esse
1205 1107 1259 1176 vi-

140 1205 293 1274 deantur.
344 1204 384 1274 ln
407 1205 570 1294 qanresi
594 1227 664 1272 non
686 1205 855 1292 fallimur,
880 1207 1088 1300 intelligetur
1109 1208 1258 1297 forsitan,

141 1329 214 1380 me
235 1307 370 1394 adhaec
395 1321 473 1398 quo·
486 1308 564 1378 artis
579 1306 687 1400 periti
706 1309 860 1389 noudum
876 1311 1091 1403 penetrarint

152 1474 193 1582 l.
221 1463 476 1584 „consecant
495 1472 771 1608 competentique
787 1513 852 1586 bos
869 1516 940 1590 duo
963 1539 1092 1605 susus,

190 1654 206 1686 '¹
246 1644 278 1684 ³⁸
297 1650 567 1765 at‘ssaeacas'a'aa
583 1664 723 1741 ἄνασσα
744 1657 933 1767 Hapoa'dua
951 1663 1153 1772 ὑπερτάτη,
1249 1671 1252 1679 “

153 1853 171 1888 o
190 1853 220 1892 .,.
243 1767 268 1890 'a'
288 1751 431 1878 Ᾰῳθῖφ
455 1764 580 1868 φωνεῖν
601 1766 800 1870 ἐναρμόξαι
820 1772 970 1872 πεδίλῳ,

139 1946 284 2016 quorum
304 1933 484 2016 utrumqne
503 1923 715 1996 trochaicum
731 1949 802 1996 esse
818 1927 952 2016 volunt,
977 1927 1079 1998 facila
1092 1934 1265 2020 appareat:

138 2051 276 2100 neceam
296 2037 364 2115 est,
395 2051 496 2122 posse
519 2028 659 2117 quidem
687 2038 867 2120 utrumque
889 2030 1013 2102 eodem
1038 2030 1145 2100 modo
1168 2030 1260 2102 rcci-

137 2133 221 2219 tari,
241 2136 269 2202 i.
296 2156 326 2202 e.
351 2155 416 2222 per
439 2131 596 2222 dipodius
611 2131 820 2217 trochaicae,
845 2133 980 2223 potiore
1006 2134 1075 2206 ictu
1091 2135 1127 2200 in
1146 2134 1258 2226 prima

138 2236 438 2326 syllabanatatas,
466 2232 527 2302 sed
547 2242 679 2320 minen,
704 2258 747 2303 ne
767 2234 983 2307 Pindaricum
1002 2236 1050 2304 ita
1069 2237 1142 2328 legi
1163 2233 1257 2323 velis,

137 2337 211 2410 duo
233 2339 385 2421 obstare,
404 2357 544 2421 unum,
585 2336 680 2425 quod
704 2337 897 2406 volubilitas
928 2337 1094 2409 trochaici
1117 2340 1258 2424 numeri,

136 2440 294 2533 quamvis
321 2461 385 2532 per
412 2437 594 2510 trochacus
621 2438 832 2514 'hrationalcs
862 2438 908 2507 ad
942 2441 1062 2532 paullo
1089 2440 1284 2518 maioremt
1322 2471 1325 2482 ·

137 2540 527 2638 guadannolum,
565 2541 702 2612 minima
733 2543 909 2614 conveniat
939 2543 1105 2615 severitati
1131 2542 1258 2615 Duriae

137 2646 354 2732 hnmanae,
387 2645 480 2716 cuius
503 2645 604 2714 istae
625 2643 788 2716 trochaeo
809 2645 1031 2737 spondeoque
1053 2647 1168 2738 ludus
1191 2669 1264 2728 nu-,

138 2773 250 2820 merus
263 2748 432 2842 ¹proprius
455 2755 522 2828 est-3
554 2749 714 2835 alterurn,
746 2748 841 2838 quod
863 2750 989 2840 epitriti
1009 2771 1086 2822 usus
1109 2751 1144 2819 in
1163 2749 1258 2828 hunc

138 2861 316 2926 annorum
331 2853 382 2922 ita
395 2859 552 2943 receptus
571 2860 646 2938 est5
664 2861 703 2922 nt
713 2853 773 2923 ille
787 2871 856 2922 non
877 2875 918 2925 ex
932 2851 1065 2927 duobus
1076 2853 1256 2935 trochaeis,

139 2957 199 3038 aad
210 2954 430 3050 excoctum
447 2964 483 3024 ct
497 2953 651 3046 spondeo
673 2965 828 3026 constare
846 2955 1010 3036 videatur.
1061 2958 1151 3028 Nam
1171 2957 1258 3047 quid

140 3069 205 3147 est,
225 3071 292 3132 ‘cur
305 3060 341 3130 in
354 3067 446 3128 tanta
460 3056 586 3130 hoium
606 3079 824 3132 numerorum
841 3059 934 3150 apud
953 3059 1137 3128 Pindarum
1149 3060 1258 3153 copia

139 3163 196 3232 uix
222 3160 558 3255 pauci-‚reperiantur
593 3183 728 3248 remus,
778 3162 837 3252 q'ui
866 3161 1067 3233 trochaeum
1094 3161 1261 3249 habeant„

139 3287 243 3355 quum
262 3264 459 3358 panaretum
478 3263 570 3335 idem
589 3273 693 3356 poeta
714 3264 750 3334 in
767 3264 806 3334 iis
827 3265 1043 3353 carminibus,
1074 3267 1111 3336 in
1132 3267 1264 3357 quibus,

139 3390 219 3438 vere
244 3367 423 3439 trochaicis
448 3366 594 3437 numeris
615 3390 693 3438 usus
722 3377 788 3454 est,
824 3359 1024 3438 trochaeum
1053 3371 1089 3438 in
1110 3371 1178 3438 line
1201 3370 1257 3436 di-

138 3473 266 3565 podiae
287 3472 478 3564 saepissime
503 3471 667 3558 admittat,
684 3481 722 3539 ut
735 3472 772 3540 in
790 3471 888 3558 Nem.
907 3472 1001 3542 vlu,
1016 3471 1055 3562 *)
1074 3471 1186 3562 quod,
1218 3480 1257 3540 ut

138 3577 212 3668 ipse
235 3582 392 3660 tanaim,
417 3573 564 3664 Lydiam
579 3573 792 3642 harmoniam
816 3570 952 3643 habuit:
976 3574 1072 3666 quod
1087 3583 1204 3646 contra
1221 3574 1256 3646 in

137 3678 251 3765 Doriis
274 3677 493 3762 carminibus,
525 3684 563 3745 ut
586 3676 622 3745 in
646 3675 749 3765 Pyth.
773 3675 835 3744 lv.
866 3677 901 3744 in
923 3697 992 3774 quo
1017 3676 1079 3746 iste
1102 3677 1255 3770 epitritus

138 3777 349 3876 quingenties
377 3769 497 3852 tricia
516 3787 569 3849 ter
601 3777 781 3866 invenitur,
821 3800 890 3848 non
916 3780 978 3848 nisi
1003 3779 1054 3849 bis
1079 3781 1114 3848 in
1137 3781 1279 3852 medio

136 3908 235 3984 vmsu
257 3883 492 3992 ditrochaeum
512 3882 660 3986 positum
686 3883 857 3972 ridemus,
896 3878 1001 3975 idque
1022 3882 1135 3975 ipsum
1158 3886 1196 3956 iis
1218 3887 1253 3956 in

177 4135 209 4226 s)
224 4140 273 4202 ht
291 4140 324 4201 in
344 4139 404 4200 lr'oo
423 4158 544 4221 quaque
557 4141 687 4202 carmine
707 4139 815 4202 Dorica
836 4137 973 4219 epitritos
988 4157 1061 4221 aare,
1079 4141 1253 4206 hochaeoa.

138 4226 271 4306 queoel
293 4226 450 4307 scriptura
470 4225 642 4304 emendata,
671 4228 723 4288 vel
744 4222 879 4291 versibus
899 4225 1013 4290 rectius
1032 4227 1184 4312 dispositis
1204 4239 1260 4291 ra-'

137 4311 272 4392 moveri,
299 4331 382 4374 nunc
401 4330 578 4395 paruarum
597 4308 705 4377 habeo.
