3058 5046
276 361 341 428 aaa
502 309 1162 420 crusvnrnovrrrmrroms

276 537 366 619 rent,
400 525 496 619 quod
517 533 603 598 esset
622 525 782 620 augendo
802 525 855 594 illi
874 525 982 610 librm
1015 523 1193 614 petierunt.
1244 523 1299 596 Ex
1320 547 1393 615 quo

278 631 406 724 aliquid
427 631 644 718 dubitationis
666 631 761 699 nobis
789 631 966 714 subnotem
1000 627 1253 713 criminemur,
1288 651 1332 696 an
1354 629 1393 710 iis

278 735 444 829 cupiditas
461 734 657 816 doctorum,
683 731 841 802 maturari
854 732 1035 800 editionem
1047 731 1281 822 flagitantium,
1305 741 1394 801 tem-

277 861 342 934 pus
356 838 577 930 praeciderit,
610 857 679 926 quo
698 857 784 928 opus
808 844 879 903 erat
897 834 941 902 ad
960 843 1089 903 tantum
1110 848 1197 924 opas
1217 836 1264 903 ita
1286 845 1322 903 et
1341 837 1396 903 in-

278 940 484 1014 stituendum
499 949 534 1008 et
554 939 816 1031 perficiendum,
843 937 983 1006 utillud
1011 959 1053 1005 ex
1076 937 1167 1005 omni
1188 945 1287 1029 parte
1310 960 1396 1009 con-

279 1044 569 1117 summatissimum
583 1043 723 1113 iudicari
746 1050 869 1134 posset
920 1044 974 1110 Ae
995 1039 1157 1108 vellemus
1179 1042 1319 1130 quidem
1341 1043 1395 1110 fe-

281 1151 400 1220 cissent
419 1147 482 1216 viri
504 1146 793 1237 praestantissimi,
819 1145 914 1235 quod
936 1145 1010 1212 lieri
1035 1166 1099 1235 par
1123 1153 1194 1212 erat
1217 1145 1251 1211 in
1269 1167 1397 1237 paran-

280 1253 326 1322 da
343 1251 490 1321 editione
514 1249 625 1342 operis
647 1250 859 1334 immortalis,
892 1270 980 1337 qnae
1005 1248 1079 1337 ipsa
1102 1257 1271 1316 aeternum
1296 1248 1396 1316 huius

280 1355 354 1424 aevi
375 1363 628 1423 monumentum
653 1354 809 1421 exstitnra
837 1361 941 1420 esseta
974 1351 1202 1441 exposuissent
1219 1351 1311 1440 prins
1338 1373 1398 1421 ac-

191 1469 194 1478 “
281 1467 396 1531 curate
421 1456 465 1525 de
489 1458 641 1525 universa
666 1456 814 1540 ratione,
852 1476 956 1544 quam
979 1454 1041 1522 sibi
1063 1452 1268 1544 sequendam
1294 1462 1399 1547 puta·

279 1571 374 1648 rent,
409 1581 594 1649 omnesque
613 1559 734 1629 harum
758 1559 945 1626 litterarum
968 1561 1095 1648 peritos
1115 1558 1321 1643 iantassent,
1361 1565 1399 1624 nt
1437 1649 1439 1652 Ι

209 1741 214 1762 p
280 1689 375 1734 suam
397 1664 537 1752 quisque
558 1663 603 1730 de
625 1685 666 1730 ea
694 1663 890 1730 sententiam
914 1661 948 1727 in
962 1661 1118 1740 medium
1138 1659 1293 1743 afferret,
1328 1682 1398 1750 quo

279 1766 405 1836 deiude
425 1765 474 1850 id,
500 1765 593 1853 quod
609 1764 776 1857 optimum
789 1765 895 1832 visum
910 1772 1005 1846 esset,
1036 1773 1080 1846 et,
1107 1765 1134 1830 si
1147 1785 1215 1831 non
1236 1765 1399 1848 omnium,

281 1879 373 1941 certe
406 1868 650 1958 plerorumque
681 1889 812 1936 assensu
834 1867 1116 1957 comprobatum,
1158 1865 1401 1936 adscisceretur

281 1983 384 2067 atque
407 1969 566 2040 effectum
590 1971 735 2037 daretur.
795 1968 867 2038 Sed
886 1969 974 2036 bene
995 1969 1136 2052 scimus,
1169 1969 1302 2038 nullum
1328 1993 1399 2039 esse

280 2077 468 2145 humanum
492 2097 598 2164 opus,
627 2072 723 2163 quod
744 2072 787 2140 ab
813 2073 905 2140 omni
924 2081 1022 2163 parte
1042 2073 1233 2161 perfectum
1250 2073 1309 2159 sit,
1336 2095 1402 2141 nee

282 2190 354 2250 tam
375 2177 480 2267 iniqui
507 2197 641 2260 sumus,
673 2185 730 2261 ut,
763 2173 858 2264 quod
878 2175 1007 2242 nullam
1036 2176 1138 2264 plane
1161 2175 1403 2266 reprehensio-
1521 2187 1522 2206 ¹

282 2305 362 2354 nem
377 2281 549 2365 admittat,
569 2280 804 2368 nequiremus:
827 2279 932 2346 immo
952 2279 987 2344 in
1008 2287 1079 2344 tam
1096 2279 1278 2364 immenso,
1311 2289 1402 2348 tam-

282 2409 351 2479 que
370 2385 483 2454 variae
501 2393 535 2452 et
554 2375 748 2474 multiplicis
766 2383 902 2450 rationis
923 2403 1029 2472 opere
1053 2381 1128 2449 lieri
1149 2403 1220 2450 non
1232 2383 1402 2474 possein-

281 2489 487 2581 redigimus,
525 2486 611 2555 nihil
631 2497 669 2554 ut
696 2488 755 2572 sit,
795 2481 889 2575 quod
910 2508 980 2553 non
1006 2496 1109 2573 queat
1133 2485 1247 2571 aliter,
1280 2509 1323 2557 ac
1343 2508 1402 2554 re-

283 2595 367 2664 ctius
384 2593 523 2660 fortasse
538 2591 678 2659 institui:
704 2589 766 2657 sed
781 2610 850 2679 quo
864 2590 973 2680 magis
987 2589 1158 2680 ingentem
1180 2589 1232 2657 rei
1251 2589 1403 2658 difficul-

281 2706 388 2765 tatem
410 2694 648 2786 perspicimn5‚
678 2701 770 2760 tauto
795 2693 924 2760 maiore
948 2693 1050 2760 laude
1072 2692 1256 2759 ornandam
1283 2713 1403 2762 cense-

283 2820 358 2867 mus
378 2819 496 2865 eorum
512 2796 724 2880 industriam,
753 2795 861 2884 quint
883 2817 952 2863 non
968 2795 1062 2884 quod
1084 2796 1235 2864 omnibus
1256 2798 1403 2885 numeris

284 2898 477 2970 absolutum
501 2907 606 2981 esset,
634 2908 669 2965 at
691 2919 855 3000 magnum
874 2908 986 2966 tamen
1010 2891 1093 2988 quid
1117 2908 1151 2966 et
1170 2887 1305 2988 prorsus
1328 2900 1408 2965 exi-

284 3007 391 3074 mium
405 2999 599 3071 effecerunt.
646 2999 778 3068 Verum
795 3002 939 3070 censoris
952 3010 1017 3086 est,
1045 3025 1193 3072 summae
1214 3000 1404 3092 perfectio-

284 3109 334 3177 nis
353 3107 502 3200 speeiem
522 3103 633 3172 animo
655 3103 857 3190 informare,
885 3104 928 3171 ad
946 3128 1105 3195 eamque,
1131 3104 1297 3194 quidquid
1311 3105 1399 3173 iudi-

284 3219 357 3295 cet,
384 3211 537 3300 exigere,
565 3207 693 3276 etiamsi
708 3208 809 3292 sciat,
835 3207 1002 3276 neminem
1017 3211 1210 3277 exstiturum
1227 3231 1316 3293 esse,
1343 3209 1402 3297 qui

284 3313 378 3382 facto
417 3311 578 3398 consequi
614 3311 708 3378 illam
753 3311 1000 3402 perfectionem
1045 3321 1164 3401 queat,
1204 3312 1403 3403 praesertim

283 3419 320 3487 in
360 3413 420 3484 toli
450 3435 573 3504 opere,
620 3413 715 3502 quod
762 3415 948 3482 verendum
982 3424 1071 3501 erat,
1116 3437 1179 3499 ne,
1228 3417 1255 3483 si
1290 3416 1402 3483 omnia

284 3519 332 3589 ad
377 3539 542 3590 summam
589 3518 801 3586 severitatem
840 3517 1030 3612 expendere
1070 3519 1230 3586 Editores
1275 3517 1403 3586 voluis-

286 3632 376 3708 sent,
411 3643 596 3710 numquam
621 3620 734 3689 fnisset
768 3622 804 3688 in
833 3621 945 3692 lucem
979 3621 1203 3711 proditurum.
1255 3621 1307 3690 Ita
1334 3621 1404 3714 igi-

285 3736 342 3794 tur
371 3733 410 3793 ut
437 3725 505 3792 dici
518 3807 521 3814 Ι
535 3731 673 3813 putent,
698 3746 931 3814 quaecumque
966 3724 1136 3808 dicemus,
1157 3731 1211 3792 ·et
1243 3724 1402 3792 Editores

285 3823 598 3922 praestantissimos,
641 3837 675 3894 et
714 3850 847 3913 onmes,
887 3827 946 3916 qui
987 3826 1075 3897 haec
1116 3827 1253 3920 legent,
1297 3849 1403 3918 roga-

287 3942 371 3998 mns'.
430 3931 566 4001 Etenim
605 3951 711 4018 quum
750 3931 794 3998 ad
838 3925 1060 3998 laudandum
1085 3931 1213 3997 infinita
1246 3937 1404 4022 suppetat

262 4033 453 4118 tarrttateiia‘,¹
471 4033 842 4118 utcommemoramlis,
866 4047 954 4123 quae
968 4023 1075 4102 nobis·
1078 4035 1277 4125 probantur,
1301 4036 1405 4102 finem

288 4143 519 4206 non'essemus
534 4137 712 4207 inventuri:
741 4137 926 4222 malumus,
960 4136 1055 4227 quod
1069 4145 1113 4206 'et
1134 4138 1247 4206 utilius
1269 4145 1302 4206 et
1323 4160 1405 4230 gra-

288 4240 352 4309 tius
367 4238 443 4306 fore
458 4237 641 4308 lectoribus
656 4263 845 4332 speramus,
874 4265 914 4310 ea
926 4250 1057 4310 tanturn
1072 4241 1207 4328 afferre,
1231 4242 1267 4310 in
1284 4242 1405 4333 quibus

288 4339 441 4414 nonnihil
458 4343 502 4411 ab
521 4335 717 4414 Editoribus
737 4344 934 4420 doctissimis
950 4345 1167 4414 dissentimus.
