3058 5046
260 269 263 283 '
429 305 1027 372 rursrvnrsrerurnruur.
1219 316 1283 380 aar

165 478 344 571 jocatur‚“
375 501 442 571 pro
464 482 629 567 ‚,iocum,
655 481 827 566 iocatur,‘·‘
858 482 962 571 (quae
983 483 1103 552 Latina
1130 492 1180 553 est
1198 486 1282 554 scri-

171 593 289 674 ptura,
322 581 414 652 cuius
437 585 608 676 neglectio
629 583 796 652 interdum
816 607 945 654 errores
967 586 1094 678 gignit,
1125 595 1162 654 ut
1187 587 1281 676 quod

169 707 206 776 p.
234 685 321 754 271.
346 688 389 755 A.
410 689 570 780 scriptum
596 695 663 767 est,
694 709 746 771 „a
767 686 1004 772 damblicho‚“
1041 687 1136 777 quod
1162 688 1283 759 Latine

171 789 240 857 dici
267 789 417 858 debebat
445 791 520 875 „ab
540 789 729 860 Iamblicho
740 795 777 874 “)
804 790 975 860 Juvenalis
1005 791 1070 858 xiv.
1104 812 1200 881 „pro
1223 792 1282 874 lu-

170 892 279 959 venai.
302 893 372 964 sat.
398 891 483 960 l4;“
516 891 756 984 „Stephanum
776 894 894 983 Byz.“
919 915 984 985 pro
1007 892 1283 982 ‚,Stephenum‚“

170 1003 204 1062 et
220 995 285 1062 alia
300 994 493 1063 huiusmodi
512 996 820 1066 animadvertimus:
844 1019 933 1087 quae
948 997 1009 1065 etsi
1028 996 1116 1066 levia
1131 1003 1224 1080 sunt,
1249 1005 1282 1064 et

168 1098 335 1167 nemiuem
357 1108 545 1185 morantur,
578 1109 708 1183 tamen,
741 1122 846 1188 quum
868 1122 983 1177 caussa
1010 1097 1161 1168 mutandi
1187 1099 1306 1168 nullas

169 1209 273 1286 osset,
305 1223 373 1268 non
393 1201 493 1270 fuisse
518 1201 677 1271 mutanda
705 1202 935 1270 existimamus.
993 1201 1105 1270 Maius
1128 1223 1208 1269 vero
1229 1199 1282 1268 iu·

169 1302 387 1372 commodum
409 1327 451 1372 ex
474 1326 515 1372 eo
537 1315 649 1372 ortum
670 1303 841 1389 videmus,
893 1303 988 1394 quod
1017 1326 1106 1395 quae
1128 1304 1172 1371 ab
1200 1304 1281 1394 ipsis

167 1399 363 1474 Editoribus
378 1408 483 1474 textui
505 1409 625 1476 inserta
643 1416 734 1492 suut,
761 1429 863 1498 saepe
880 1408 923 1475 ab
945 1408 1004 1492 iis,
1029 1429 1116 1495 quae
1130 1405 1281 1497 Stepha-

167 1531 230 1575 nus
253 1508 460 1598 scripserat,¹
478 1509 637 1601 distingui
657 1520 837 1599 nequeunt.
888 1511 977 1579 Nam
996 1510 1073 1579 unci
1091 1509 1160 1575 sive
1181 1509 1281 1596 semi-

169 1612 347 1678 circularcs
378 1612 447 1679 sire
476 1613 672 1703 angulata,
713 1634 796 1701 quos
816 1613 1018 1704 plerumque
1039 1623 1281 1702 apposuerunt,

167 1735 236 1780 non
251 1713 410 1784 idoneum
427 1716 591 1805 praebent
613 1715 782 1805 indicium,
808 1739 913 1804 quum
931 1717 1079 1805 utrisque
1095 1714 1194 1782 etiam
1207 1714 1281 1806 ipse

167 1815 361 1907 Stephanus
381 1840 456 1884 usus
471 1819 522 1886 sit.
574 1818 633 1888 Sic
652 1819 745 1907 quod
761 1842 796 1909 p.
814 1821 849 1885 4.
866 1818 905 1887 C.
921 1818 1137 1908 scripserunt,
1163 1815 1281 1908 „apud

168 1918 379 2010 Stephanum
400 1920 486 2009 Byz.
517 1921 571 2010 (v.
586 1910 811 2015 Γάργαρον(
845 1931 880 1989 et
902 1943 983 1989 mox
1005 1921 1048 1987 D.
1078 1917 1280 2010 „(Gapitoi.

48 2083 51 2088 .
166 2021 201 2087 in
223 2022 346 2089 Pertin.
367 2043 397 2090 c.
416 2023 438 2088 1.
461 2024 551 2091 P-uer
571 2023 674 2090 literis
692 2025 931 2108 elementariis,
956 2033 990 2092 et
1014 2023 1148 2092 calculo
1166 2023 1279 2097 imhu-
1298 2007 1316 2034 ⁸

167 2125 271 2214 tus.)“
297 2124 388 2212 quis,
413 2125 476 2191 nisi
498 2125 603 2192 veteri
625 2125 770 2192 editione
792 2127 959 2213 inspecta,
986 2146 1054 2192 non
1076 2145 1166 2208 esse,
1192 2147 1282 2212 quae

166 2227 259 2296 uncis
275 2219 402 2296 inclusa
422 2235 514 2309 sunt,
547 2226 592 2293 ab
616 2226 692 2315 ipso
711 2224 888 2315 Stephano
912 2224 1028 2292 addita
1049 2224 1153 2294 sciet?
1186 2225 1280 2309 Quid

165 2351 247 2397 vero
262 2327 306 2396 de
324 2327 367 2395 co
388 2327 554 2416 dicamus,
580 2329 675 2417 quod
696 2329 864 2417 quaedam
888 2329 936 2397 sic
950 2328 1124 2394 immutata
1141 2336 1174 2395 et
1196 2327 1280 2395 alie-

166 2432 216 2498 nis
237 2430 401 2520 permixta
424 2440 517 2516 sunt,
546 2440 583 2498 ut
607 2431 726 2520 plane,
758 2453 846 2518 quae
869 2428 1036 2520 Stephani
1058 2430 1167 2497 verbis
1192 2450 1281 2496 nova

166 2533 381 2617 accesserint,
421 2533 575 2625 dignosci
607 2532 777 2623 nequeat?
835 2533 889 2603 Dc
919 2533 1053 2600 nomine
1074 2527 1281 2624 ·ἀβακίσκοσ

164 2635 356 2727 Stephanus
376 2634 464 2706 haec
486 2637 679 2728 scripserat:

267 2802 526 2900 ,,’Λβακι’σκος,
553 2832 615 2895 ον,
643 2804 686 2895 ὁ,
716 2806 867 2876 Tessalia
882 2804 1084 2896 perimenti,
1110 2803 1278 2874 Budaeus.

164 2909 347 2980 Moschi0n
364 2909 456 3001 apud
476 2908 558 2976 Ath
573 2905 608 2976 5
627 2909 747 2983 ταῦτα
763 2911 801 2983 δὲ
816 2903 936 2982 πάντα
954 2900 1163 2980 δοίποδον
1128 2936 1223 2997 αχεν
1241 2915 1279 2982 ἐν

166 3010 373 3106 ἀβακίσκοις
394 3011 624 3106 συγκείμενον
647 3017 684 3086 ἐκ
710 3011 894 3085 παντοίων
922 3009 1045 3102 λίθων
1105 3009 1175 3076 Vbi
1206 3011 1279 3077 Eu-

165 3116 322 3242 stathius3
356 3115 448 3187 ἔνθα
471 3112 540 3208 ὅρα
567 3142 611 3186 κο
643 3111 868 3239 dssoeur‘oaoef·
906 3114 941 3191 ἐξ
966 3105 1011 3180 οὖ
1033 3107 1192 3202 δῆλον
1165 3137 1209 3192 ως
1233 3109 1278 3184 οὐ

163 3211 278 3310 μόνον
299 3221 357 3290 ἐπι
349 3212 556 3295 σανίδος
535 3242 555 3287 ο
572 3214 665 3306 ἅβαξ
681 3214 739 3286 καί
754 3241 797 3286 κο
790 3205 1053 3306 deducenti
1055 3206 1195 3286 λ’ἰδσα
1217 3213 1279 3285 καὶ
1366 3303 1368 3316 Α

164 3324 221 3392 ἑσι
214 3315 397 3394 ἱ’λίθων
375 3310 677 3413 σμοιοσχημόνων
698 3315 849 3399 ξυλίνοις
870 3309 1034 3406 ἄβαξινμ

163 3489 293 3556 Haec
283 3511 318 3555 ru
341 3508 430 3555 nova
453 3484 599 3556 editione
623 3485 780 3554 adhunc
802 3483 943 3552 modum
962 3482 1165 3574 interpolata
1187 3491 1278 3549 suut:

266 3631 526 3750 ,,Αβακίσκοο,
554 3681 689 3742 συ,ο,
658 3651 868 3721 ‘'Fessclia
882 3651 1083 3742 pavimenti,
1108 3652 1277 3722 Budaeus.

162 3710 346 3828 Moschion
370 3781 425 3848 ap.
452 3757 575 3826 Athen.
598 3753 633 3825 5.
667 3758 717 3847 (p.
748 3754 881 3823 Mc
861 3757 908 3880 α’.)
939 3755 1016 3824 1
970 3783 1063 3826 αακα
1095 3754 1134 3827 δὲ
1156 3749 1276 3828 πάντα

164 3855 384 3933 δαπσδον
350 3888 443 3951 αχεν
469 3865 507 3933 ἐν
537 3847 743 3952 ἄβακίσκοις
767 3857 998 3949 συγκείμενον
1027 3861 1066 3929 ἑκ
1093 3857 1275 3931 παντοίων

163 3961 298 4048 λίθων,
344 3968 381 4035 ἐν
410 3963 462 4042 οἷς
500 3959 544 4056 ἦν
577 3961 904 4053 κατεσκευασμένος
940 3959 1009 4038 πᾶν
1047 3956 1067 4029 ό
1094 3958 1175 4054 περὶ
1205 3988 1274 4052 την

161 4056 301 4138 'liedda
324 4063 445 4155 μῦθος
465 4064 686 4154 θαυμασίως.
746 4063 927 4154 (Loquitur
952 4061 997 4129 de
1017 4061 1185 4149 Hierone,
1217 4063 1273 4151 qui

160 4166 322 4236 tesselatis
339 4188 418 4233 suae
437 4167 528 4233 navis
543 4167 739 4254 pavimentis
759 4165 951 4231 universum
959 4163 1072 4232 iliadis
1093 4187 1275 4257 argumen-

162 4280 233 4340 tum
249 4277 422 4340 curaverat
433 4267 697 4358 exprimendum
749 4267 808 4338 Sic
826 4289 886 4339 rex
900 4267 1113 4352 Franciscus‚
1138 4275 1275 4338 notante

975 4372 1004 4439 1³
1031 4371 1055 4438 2
