3120 5030
199 331 250 392 DE
271 329 454 408 vnasfflvs
478 329 624 394 SPVRIIS
645 330 746 394 lavo
762 329 993 396 tuscHYLvM
1013 331 1178 402 DISSERT·
1220 335 1264 398 ’Π

156 514 227 574 tum
251 503 362 572 fuerit.
411 503 498 574 Sunt
522 515 784 598 autemgenem
808 504 1119 590 additamentouum,
1142 505 1263 597 quibus
1309 503 1312 510 ’

156 608 280 699 scripta
304 615 454 675 veterum
475 606 662 678 deformata
683 599 787 694 sunt,
808 607 919 698 plura.
968 610 1056 677 Nam
1080 607 1185 677 modo
1209 608 1264 676 in-

155 710 408 801 terpretationes
436 712 698 796 vocabulorum,
739 733 827 797 quae
859 711 1062 802 glossemata
1090 721 1262 796 vocantur,

154 813 260 882 modo
286 813 507 880 enarrationes
531 814 781 897 sententiarum,
806 814 912 881 modo
932 815 1028 882 locos
1053 814 1175 882 similos
1197 814 1263 882 ad-

153 916 260 985 iectos
285 914 448 984 videmus:
481 927 721 1006 praetereaque
740 915 907 984 interdum
929 916 1104 988 traiectum
1129 925 1178 984 est
1199 915 1262 983 a'li-

152 1018 237 1108 quid
261 1039 321 1104 eo,
350 1040 418 1106 quo
439 1039 507 1086 uon
533 1019 696 1104 debebat,
720 1020 775 1086 vel
801 1040 880 1087 casu
906 1020 1023 1104 etiam,
1049 1041 1154 1107 aquo
1177 1017 1263 1086 nihil

152 1131 262 1190 tutum
290 1129 357 1205 est,
387 1120 527 1189 illatum.
586 1121 714 1189 Verum
746 1124 832 1190 bene
862 1122 1046 1191 tenendum
1070 1131 1137 1206 est,
1172 1119 1262 1192 haec

153 1246 221 1292 non
243 1245 352 1312 aeque
366 1223 653 1312 omoiainquovis
678 1225 841 1315 scriptore
866 1226 964 1292 obvia
989 1247 1076 1310 esse,
1095 1223 1154 1293 sed
1174 1245 1263 1313 quae

152 1327 277 1397 horum
301 1348 370 1394 non
394 1327 497 1396 errori
523 1326 705 1414 debentur,
736 1328 770 1393 in
798 1325 852 1394 his
876 1327 948 1394 fere
974 1327 1188 1418 scriptoribus
1206 1327 1286 1393 in-4

153 1429 274 1514 veniri,
313 1429 372 1518 qui
404 1452 509 1518 quum
538 1430 680 1498 multum
713 1429 957 1514 lectitarentur,
996 1429 1129 1521 largam
1160 1431 1261 1498 etiam

153 1532 335 1601 adnotandi
361 1533 647 1623 opportunitatem
678 1532 896 1625 praebebant
948 1521 1063 1615 Quare
1087 1542 1125 1599 ut
1149 1532 1185 1600 in
1208 1531 1261 1600 his

151 1636 267 1704 attenti
286 1657 356 1704 esse
376 1635 558 1720 debemus,
583 1658 626 1705 ue
647 1634 729 1723 quid
749 1636 894 1703 alienum
915 1655 976 1702 nos
999 1635 1120 1720 lateat,
1151 1636 1199 1702 ita
1219 1635 1261 1704 iu

148 1738 206 1824 lic,
244 1738 303 1827 qui
320 1737 485 1807 minorem
505 1739 634 1827 experti
658 1747 732 1806 sunt
751 1738 918 1808 lectorum
931 1737 1171 1823 assiduitatem,
1200 1759 1259 1808 ca·

148 1840 315 1926 vandum,
340 1860 384 1911 ue
403 1843 439 1910 in
459 1841 681 1932 suspicionem
701 1863 876 1926 vocemus,
902 1863 990 1930 quae
1009 1841 1154 1932 genuina
1175 1847 1259 1908 sunt

148 1943 236 2014 Vtar
266 1945 436 2035 exemplo*
459 1943 630 2034 Aeschyli.
681 1945 749 2016 Hic
786 1964 891 2035 quum
930 1944 1100 2033 aliquanto
1140 1942 1259 2029 minus,
1376 2027 1377 2032 ἵ

149 2069 254 2136 quam
290 2047 491 2138 Euripides,
531 2047 566 2117 in
607 2046 730 2116 scholis
768 2049 1065 2140 grammaticorum
1102 2054 1260 2116 tractatus

147 2147 271 2235 fuerit,
298 2160 556 2219 consentaneum
582 2157 648 2234 cst,
674 2151 1006 2241 etiam‘paucioribus
1031 2173 1108 2218 eum
1122 2150 1178 2217 vel
1195 2148 1260 2218 ad-

144 2250 392 2339 notationibus,
430 2254 488 2322 uel
509 2251 839 2342 interpolationibus,
880 2253 936 2320 vel
956 2251 1094 2321 insititiis
1112 2251 1261 2320 versibus

145 2378 219 2424 esse
240 2363 444 2445 corruptum.
495 2355 549 2420 Ex
573 2374 642 2441 quo
662 2355 805 2444 intelligi
823 2363 954 2445 potest,
979 2375 1047 2421 uon
1061 2356 1142 2444 satis
1163 2363 1261 2422 caute

142 2457 285 2540 fecisse,
329 2455 388 2543 qui
419 2454 583 2547 plurimos
620 2453 719 2522 huius
756 2466 879 2546 poetae
915 2476 1025 2522 versus
1063 2465 1100 2550 ut
1129 2456 1260 2546 spurios

144 2558 357 2626 damnarunt.
420 2559 510 2626 Num
536 2564 573 2625 ut
607 2558 710 2625 semel
732 2559 895 2627 iterumue
916 2557 1039 2626 alienus
1066 2553 1159 2648 apud
1182 2580 1261 2627 eum

142 2683 258 2730 versus
282 2661 487 2751 reperiatur,
511 2658 614 2726 ueluti
637 2659 671 2728 in
691 2660 800 2730 Persis
820 2670 898 2754 post
919 2683 950 2729 v.
971 2658 1057 2731 253.
1082 2661 1161 2730 libri
1183 2661 1260 2752 qui-

143 2763 228 2834 dam
248 2763 432 2855 Sophoclis
450 2784 580 2832 versum
598 2763 761 2851 inserunt,

300 2915 441 3012 στέργει
463 2908 533 3012 ydp
559 2910 674 2998 οὐδεὶς
700 2913 850 3013 ἄγγελον
872 2917 989 2992 satta
1010 2917 1122 3009 ἐπῶν,

144 3065 248 3160 quem
275 3070 310 3137 iu
334 3092 469 3140 censum
497 3069 632 3138 veniunt
653 3069 687 3138 in
712 3069 833 3138 eadem
853 3069 968 3138 fabula
990 3072 1092 3139 etiam
1114 3091 1147 3136 r.
1170 3066 1256 3136 ⁹180.
1315 3113 1319 3124 ι

147 3181 183 3244 et
211 3174 246 3241 in
278 3172 372 3264 Sept.
399 3171 445 3240 ad
470 3170 542 3244 Th.
568 3192 601 3239 v.
626 3169 712 3240 tot.
747 3181 782 3239 at
805 3172 976 3263 plerisque
1005 3173 1040 3240 in
1066 3171 1164 3257 locis,
1199 3171 1259 3261 qui

146 3276 291 3344 maxime
315 3274 418 3366 spurii
442 3273 503 3344 visi
525 3280 600 3342 sunt
622 3296 752 3360 versm,
792 3295 860 3342 non
884 3276 946 3344 nisi
975 3284 1031 3343 aut
1056 3275 1258 3366 interpreta-

144 3378 237 3446 tione
253 3379 356 3464 iusta,
391 3388 448 3446 aut
471 3386 550 3470 apta
574 3376 825 3464 emendatione,
860 3388 917 3448 aut
931 3380 1136 3448 restitutione
1151 3378 1185 3445 in
1200 3376 1272 3444 lo«

19 3523 20 3532 κ
146 3503 226 3552 cum
245 3503 342 3549 suum
369 3479 538 3575 indigent,
570 3488 607 3547 ut
626 3481 770 3549 maxime
794 3483 958 3572 genuinos
982 3503 1053 3549 esse
1080 3485 1254 3570 appareat.

145 3581 236 3668 Quin
251 3605 356 3672 quum
370 3584 502 3674 saepius
517 3582 610 3673 apud
624 3583 832 3672 Aeschylum
848 3582 1049 3667 omittendo,
1075 3603 1178 3670 quam
1192 3578 1255 3647 ad-

19 3693 20 3704 ’
143 3685 260 3754 dendo
282 3694 462 3777 peccatum
492 3686 548 3770 sit,
581 3693 630 3751 est
653 3686 772 3769 etiam,
810 3685 870 3752 ubi
893 3685 1021 3752 hiatum
1048 3705 1116 3751 non
1144 3682 1255 3770 solum

145 3789 429 3874 animadvertere,
462 3786 522 3854 sed
545 3787 644 3854 etiam
663 3788 798 3878 explere
818 3788 942 3883 possis,
966 3784 1162 3875 inserendis,
1196 3787 1255 3874 qui

142 3891 294 3983 neglecti
308 3893 351 3960 ab
367 3890 508 3960 librariis
529 3889 673 3974 luerunt,
698 3891 857 3960 uersibus.
907 3891 1026 3961 Placet
1039 3888 1171 3982 singula
1185 3888 1255 3959 ho·

142 4015 219 4064 rum
236 4016 304 4063 uno
324 3995 472 4064 alterove
495 3993 652 4084 exemplo
675 3995 884 4064 confirmare.
1012 3999 1014 4004 ’

201 4159 205 4165 ’
242 4147 506 4240 Agamemnonis
530 4144 600 4217 boc
627 4153 676 4214 est
699 4147 853 4215 initiumz‘

206 4283 209 4288 ⁸
294 4294 414 4413 duodo
429 4298 618 4395 plectro
639 4295 744 4374 τῶνδ’
758 4291 978 4396 ,ἀπαλλαγήν
1000 4292 1120 4376 πόνων
