3120 5030
325 327 329 336 '
426 338 665 410 ssanours
696 347 932 410 nonenim
959 347 1071 411 n1ss.
1093 349 1114 410 1.
1263 349 1327 412 ἐι

88 521 89 526 ’
217 521 311 603 dari,
338 531 509 612 apparet„
544 521 571 589 εἰ
593 521 732 611 qnidin
754 519 807 588 his
834 519 998 588 inlinitum
1018 529 1084 606 est,
1109 521 1146 590 id
1167 542 1231 614 per
1252 541 1330 590 enm
1410 543 1413 552 ’

216 623 397 715 significari
417 624 558 692 modum
580 625 725 710 debere,
753 645 821 714 quo
846 624 929 714 quid
949 626 1084 692 omnino
1105 627 1176 693 sine
1194 635 1330 716 tompo-

214 727 258 795 ris
281 722 451 795 notatione
472 737 510 796 ut
532 728 714 812 incertum,
747 729 886 818 solaque
900 729 936 794 in
955 729 1162 818 cogitatione
1184 729 1331 818 positum

215 830 398 898 indicatur:
423 831 451 897 is
473 839 520 898 est
542 841 653 899 autem
674 831 849 922 optativus.
899 829 1000 898 Vnde
1014 829 1099 898 illud
1121 831 1248 900 dictum
1270 838 1331 914 est,

216 925 447 1024 nolloiur'pw
470 931 662 1019 ξείνισσεν,
692 927 805 1006 ὁπότε
822 925 1024 1029 Κρήτηθεν
1049 940 1183 1018 ἵκοιτο,
1210 934 1330 1024 heopu-

169 1091 179 1110 „
215 1035 265 1102 tio
290 1057 369 1112 eum
394 1037 551 1127 excepit,
592 1037 805 1128 siquando,
835 1035 891 1103 vel
912 1037 1045 1126 quoties
1065 1037 1208 1105 veniret.
1258 1035 1330 1104 Sed

216 1159 258 1204 ex
277 1137 346 1205 hoc
371 1138 462 1228 ipso,
489 1139 583 1228 quod
597 1139 762 1230 optativus
782 1140 874 1206 omni
889 1139 1050 1230 temporis
1067 1141 1204 1233 notione
1227 1149 1329 1222 caret,

214 1239 317 1307 facile
330 1241 549 1333 intelligitur,
574 1242 678 1326 nihil,
703 1242 765 1309 nisi
785 1264 900 1325 usum,
927 1242 1076 1326 obstare,
1102 1243 1182 1331 quin
1206 1241 1330 1310 eodem

214 1343 321 1440 modo
346 1345 447 1411 etiam
472 1345 507 1411 in
529 1345 758 1436 praesentibus
777 1355 811 1412 et
830 1344 948 1412 futuris
974 1355 1162 1435 usurpetur.
1212 1345 1330 1412 Restat

216 1445 282 1512 alia
295 1443 410 1515 adhuc
427 1449 625 1516 conditionis
645 1449 784 1520 notatio.
836 1446 928 1531 Quas
950 1448 1038 1516 enim
1062 1447 1223 1518 hactenus
1242 1446 1329 1515 vidi-

175 1553 177 1558 ’
213 1567 314 1630 mue,
341 1572 456 1617 carum
477 1553 588 1642 prima
614 1553 648 1618 in
670 1552 727 1635 iis,
760 1573 847 1641 quac
876 1559 968 1618 certa
993 1560 1085 1636 sunt,
1125 1551 1329 1634 versabatur,

143 1643 146 1648 ’
214 1653 270 1720 cui
287 1652 469 1720 destinatus
495 1663 545 1721 est
566 1654 780 1734 indicativns3
812 1654 959 1722 secunda
980 1664 1051 1724 erat
1067 1677 1208 1738 eorum,
1242 1675 1329 1742 quae

214 1754 319 1822 sintne
342 1753 474 1824 annon
494 1757 574 1842 sint,
600 1757 751 1826 nortdum
772 1757 910 1841 scimus,
946 1757 1001 1826 cui
1021 1757 1119 1826 servit
1143 1758 1330 1844 coniuncti-

212 1880 290 1938 vus3
314 1860 413 1926 tertia
434 1861 626 1930 continebat
645 1867 703 1944 e'a,
729 1883 815 1950 qnae
840 1859 908 1926 sive
930 1869 1023 1944 sunt,
1058 1860 1127 1927 sive
1151 1881 1221 1928 non
1242 1863 1354 1942 sunt,6

214 1962 371 2029 sumimus
389 1985 476 2048 esse,
502 1965 596 2032 onius
611 1964 768 2054 proprius
785 1972 835 2030 est
848 1963 1021 2053 optativus.
1073 1964 1146 2030 lam
1159 1962 1329 2054 hisquar-
1364 1991 1366 1998 ⁴

213 2073 248 2130 ta
269 2065 414 2151 accedit,
447 2089 534 2155 quae
557 2077 607 2134 est
627 2089 762 2150 eorum,
801 2089 889 2154 quae
909 2066 957 2134 sic
977 2066 1136 2133 sumimus
1161 2089 1249 2151 esse,
1293 2074 1330 2131 ut

213 2167 313 2234 simul
342 2190 410 2236 non
432 2192 504 2238 esse
526 2171 753 2239 conliteamur.
804 2169 844 2236 ln
867 2190 935 2258 qua
960 2170 1120 2257 quoniam
1138 2169 1229 2253 hoc,
1261 2189 1330 2235 non
1371 2187 1375 2210 -·

209 2293 285 2337 csse
308 2271 452 2358 aliquid,
488 2282 618 2346 certum
643 2283 710 2339 ests
741 2271 871 2362 placuit
895 2271 1036 2338 Graecis
1065 2272 1172 2352 modo
1196 2273 1245 2340 uti
1276 2291 1329 2353 eo,

175 2447 178 2458 ¹
211 2395 282 2460 quo
304 2372 454 2440 simulet
477 2397 530 2441 res
550 2384 662 2457 certa,
689 2383 723 2438 et
745 2393 843 2460 quae·
857 2393 926 2449 nou
950 2382 1022 2456 est,
1042 2372 1264 2456 indicaretur,
1289 2372 1327 2439 id

84 2505 86 2510 ·
188 2481 263 2542 'cst
288 2474 469 2544 indicativo
493 2475 771 2566 praeteritorum,
807 2472 967 2562 excepto,
993 2483 1031 2541 ut
1052 2483 1223 2564 parerat,
1247 2496 1330 2566 per*-

165 2657 167 2660 y
211 2579 324 2662 fecto,
376 2579 469 2667 quod
498 2581 533 2645 in
568 2577 639 2647 hoo
674 2576 857 2669 praesentis
885 2576 1085 2667 significatio
1117 2579 1329 2668 reperiretur.

211 2681 331 2768 ltaque
354 2681 447 2770 quod
472 2682 600 2766 Latini,
624 2675 656 2750 si
676 2681 743 2750 hoc
764 2687 858 2752 essct.
875 2679 931 2747 vel
944 2677 1089 2772 suisset,
1122 2682 1247 2751 Graeci
1266 2704 1331 2773 per

211 2783 428 2954 ipdioattivum
458 2785 651 2898 imperfecti
681 2785 738 2862 vol
775 2783 1105 2875 plusquamperfecti
1128 2786 1188 2856 vel
1218 2785 1330 2854 aoristi

268 2908 336 2954 un.
426 2917 429 2924 ·
1235 2937 1241 2945 .

236 2909 267 2958 w
313 2991 378 3058 His
399 2992 515 3082 positis
537 2992 633 3080 quasi
659 2991 901 3075 fundamentis,
933 2992 1108 3061 sententias
1124 2991 1330 3081 temporales

106 3103 110 3108 '
212 3095 397 3163 accuratius
412 3095 678 3164 consideremus.
718 3095 780 3162 Est
795 3103 907 3162 autern
924 3117 1038 3161 carum
1061 3096 1331 3186 aliquantoglnaff

211 3197 264 3262 ior
291 3219 462 3283 numeruS,
498 3222 600 3286 quam
630 3198 736 3266 visum
764 3209 813 3265 est
844 3193 1059 3266 Thierschio.
1111 3198 1205 3282 Quid
1228 3198 1327 3280 ennn,
1402 3203 1406 3211 ’

213 3321 292 3366 num
311 3297 430 3395 ὄφρα,
457 3306 549 3390 ἕως,
586 3297 716 3388 siccine,
743 3298 829 3394 πρίν
850 3321 918 3366 non
939 3310 1014 3367 sunt
1032 3302 1219 3392 particulae
1238 3309 1328 3366 tem-

211 3402 370 3493 porales?
422 3402 514 3487 Quin
527 3403 621 3471 haud
633 3425 715 3477 raro
726 3404 828 3471 etiam
838 3405 1040 3493 pronomina
1054 3407 1102 3472 sic
1117 3393 1326 3493 usurpantur,

212 3515 249 3573 ut
268 3505 413 3596 apertius
428 3509 546 3577 tectius
566 3506 728 3598 temporis
741 3507 946 3586 notationem
962 3507 1161 3575 contineant.
1198 3505 1328 3588 Quare
1433 3548 1448 3583 -,

212 3629 254 3675 ne
278 3608 366 3678 haec
387 3575 679 3700 qulalem'prorsus
703 3609 911 3700 negligenda
931 3618 1099 3700 putamus.
1160 3607 1327 3694 Omnino·
1369 3632 1374 3641 ’
1468 3614 1473 3632 ·

210 3733 296 3799 que,
329 3733 434 3798 quum
459 3737 501 3794 ne
530 3713 683 3779 finalium
715 3711 854 3799 quidem
879 3712 1120 3801 particularum
1148 3711 1214 3782 alia
1239 3710 1325 3778 ratio

210 3815 270 3899 sit,
311 3815 359 3880 ita
380 3815 594 3900 disseremus,
634 3823 670 3881 ut
707 3814 816 3906 magis
847 3814 893 3883 de
927 3815 1033 3900 modo
1066 3814 1178 3898 ¹ver’bi,
1210 3813 1324 3911 ¹quom
1406 3859 1408 3868 ι

210 3927 320 3984 utrum
346 3918 373 3984 is
404 3941 482 3988 oum
509 3917 690 4010 temporali
715 3939 758 3985 an
796 3918 889 3986 finali
919 3917 1085 4008 particula
1115 3919 1246 4002 iunctus
1282 3913 1325 3986 sit
1387 3974 1390 3983 ,

207 4043 414 4109 quaeramus.

308 4123 514 4215 Incipiamus
534 4135 644 4194 autem
666 4125 709 4192 ab
738 4121 937 4214 indicativo,
964 4144 1032 4212 quo
1053 4123 1216 4204 utendum
1241 4141 1321 4206 esse,

209 4226 267 4294 ubi
290 4225 335 4295 de
363 4250 401 4294 re
431 4237 524 4298 certa
550 4249 660 4296 sermo
688 4236 755 4312 est,
781 4228 850 4295 sive
874 4249 915 4294 ea
942 4224 1032 4298 lacta
1053 4229 1111 4313 sit,
1163 4227 1234 4295 sive·
1251 4227 1321 4306 fiat,
1364 4260 1366 4263 ν

210 4329 278 4398 sive
316 4330 429 4501 inpura
464 4331 523 4416 sit,
578 4341 647 4400 tam
684 4339 838 4422 apertum
877 4339 943 4416 est,
993 4341 1030 4401 ut
1072 4353 1140 4400 non
1176 4329 1321 4420 putarim
