3080 5054
433 429 436 438 ,
543 383 870 448 ulssuurtuto.
1004 411 1073 443 ·,

251 556 370 651 Pergit
394 557 575 627 Terentius
598 580 630 626 v.
656 509 725 627 Ut*
798 593 827 616 Δ»

272 731 413 848 ἰιιιῑὶιιηι
428 786 480 849 eet
495 778 730 884 iamdictam,
755 779 852 872 qued
864 677 1084 850 eugegieqiitin
1097 779 1142 852 stt
1150 783 1265 874 prius.

147 949 338 1040 *Quinque
356 967 410 1046 ,ex
433 952 593 1040 nesuis‚“
617 951 741 1042 iuquit,
766 973 865 1039 „uon
888 952 1099 1053 sitdietum.
1151 953 1266 1025 Credo
1391 1013 1393 1020 ,

146 1103 169 1144 ‚,
178 1065 318 1146 poetam
343 1056 392 1124 sie
415 1055 565 1124 dedisse:
648 1141 649 1144 Ἴ
885 1091 886 1095 =

273 1226 439 1311 ,mullum
461 1233 514 1298 est
540 1223 615 1299 iam
643 1222 798 1311 dietum,
830 1223 967 1296 dietum
1000 1225 1097 1316 quod
1123 1247 1192 1324 uon
1219 1224 1265 1296 sit

188 1393 190 1400 .
937 1328 1058 1421 prinu*

145 1445 213 1522 „ut
237 1458 339 1528 supra
362 1458 396 1506 v.
421 1433 483 1504 27.
851 1449 855 1458 ’

274 1607 336 1698 „si
354 1605 394 1675 id
411 1614 463 1700 est
480 1610 685 1698 peecatum,
704 1614 898 1698 peccatum
916 1608 1158 1716 imffludentia
1177 1617 1238 1678 est.

149 1781 220 1874 „lu
251 1787 413 1867 utroque.
429 1777 510 1846 loco
544 1781 637 1871 prius
669 1801 794 1848 nomeu
826 1788 891 1867 est,
922 1781 1088 1871 posterius
1125 1781 1266 1873 partici-
1376 1811 1381 1818 ·
1437 1781 1443 1794 '

149 1883 309 1974 „piumf‘
359 1882 455 1949 Bene
478 1884 624 1982 chtumq
650 1883 754 1973 „quod
778 1882 869 1956 haue
887 1884 1114 1956 coniecturum
1139 1907 1207 1952 non
1231 1883 1266 1951 in

147 1995 275 2065 textum
288 1986 412 2064 intulit3
437 1988 692 2073 malefactum,
719 1987 813 2077 quod
829 1987 1010 2078 reliquitin
1033 1997 1144 2074 textu,
1171 1986 1266 2080 quod

149 2111 220 2158 uon
234 2089 368 2176 dictum
381 2089 427 2154 sit
437 2091 551 2178 prius.
602 2092 649 2158 Et
669 2092 1017 2180 coniecturequideru
1039 2093 1101 2158 ista
1115 2113 1183 2158 uon
1198 2112 1266 2156 uno

147 2193 286 2261 nomine
309 2189 400 2257 mela
422 2199 480 2258 est.
538 2193 672 2276 Primo,
707 2192 802 2281 quod
822 2195 884 2260 iste
913 2193 984 2260 duo
1013 2193 1169 2284 exempla
1198 2213 1267 2260 non

148 2302 290 2387 possunt
310 2293 397 2359 inter
416 2315 451 2376 se
477 2295 677 2385 comparari.
728 2295 817 2362 Nam
844 2305 882 2364 ut
904 2295 1045 2364 verbum
1068 2296 1103 2362 in
1123 2303 1267 2383 utroque
1324 2291 1326 2298 '

147 2398 241 2466 idem
257 2395 436 2487 repetitum
451 2397 508 2477 sit3
532 2407 570 2466 ut
589 2397 627 2464 id
642 2398 783 2466 verbum
803 2398 982 2486 utrubique
998 2398 1110 2488 primo
1130 2419 1264 2482 nomen,

150 2499 277 2569 deinde
299 2498 515 2589 participium
539 2500 598 2568 sit:
633 2509 748 2568 tamen
774 2501 809 2568 in
831 2502 939 2569 altero
967 2502 1170 2592 paucissima
1191 2505 1311 2568 sunt22

152 2604 274 2688 verbu,
300 2624 445 2692 quorum
458 2603 599 2672 'nonnisi
624 2604 752 2696 duplex
775 2606 919 2697 cogitari
943 2605 1123 2674 collocatio
1143 2612 1267 2695 potest,
1385 2633 1393 2639 ·

149 2716 209 2777 eut
222 2707 297 2791 ille,
324 2729 392 2793 qua
409 2728 486 2774 usus
509 2713 557 2774 est
571 2716 692 2797 poeta,
719 2718 777 2776 aut
791 2708 892 2795 haec,
917 2707 1159 2801 imprudentia
1176 2730 1267 2802 pee-

150 2819 271 2880 catum
293 2816 353 2877 est.
404 2809 555 2898 Vterque
568 2810 689 2901 planus
705 2818 753 2877 est
773 2822 806 2880 et
822 2812 1022 2881 commodus
1038 2811 1125 2879 ordo
1141 2813 1266 2880 verbo-

150 2937 235 2982 rum.
286 2909 447 2982 ln'altero
460 2924 572 3004 autem
587 2915 744 3005 exemplo
764 2916 869 2986 verbu
885 2925 961 2984 suut
974 2917 1097 3000 multa,
1121 2937 1267 3005 quorum

153 3025 218 3085 tres
238 3018 352 3085 bonae
372 3027 448 3085 sunt
468 3026 502 3086 et
523 3028 624 3108 aptae
647 3019 904 3089 collocationem
929 3019 1025 3110 quod
1041 3041 1109 3086 rum
1130 3019 1265 3086 dictum

149 3121 196 3190 sit
214 3121 337 3214 prius:
370 3119 466 3212 quod
485 3142 555 3188 neu
578 3122 624 3191 sit
644 3122 779 3189 dietum
795 3125 917 3214 prius:
948 3120 1044 3211 quod
1071 3141 1138 3188 neu
1159 3121 1266 3213 prius

149 3223 196 3292 sit
222 3223 365 3291 dietum.
416 3223 557 3315 ineptae
587 3231 699 3290 autem
720 3232 811 3308 sunt,
849 3244 1084 3314 quaecumque
1110 3246 1132 3291 a
1158 3224 1265 3292 verbo

149 3327 285 3396 dictum
299 3325 480 3417 incipiunt,
506 3332 561 3412 ut,
582 3325 721 3394 *dicrum
735 3326 830 3418 quod
845 3347 914 3394 nou
927 3326 1105 3418 eitprius:
1130 3327 1265 3396 dictum

151 3429 247 3522 quod
268 3430 374 3522 prius
396 3429 544 3499 nonsit:
576 3428 832 3522 dictumprius
854 3429 950 3524 quod
970 3430 1110 3499 nonsit.
1162 3430 1264 3498 Retio
1309 3447 1311 3451 ·

149 3555 220 3601 ιιοιι
240 3534 458 3620 est'qbscura.
509 3532 550 3601 ln
569 3533 736 3624 principio
760 3534 848 3602 euim
870 3534 1076 3606 collocatum
1094 3533 1166 3603 hoc
1188 3556 1266 3601 ver·
1399 3565 1401 3568 ·

148 3637 233 3704 bum
258 3637 505 3728 oppositionem
529 3637 675 3726 aliquam
703 3637 830 3706 indicet
855 3647 890 3708 et
912 3637 1199 3729 comparationem
1219 3635 1266 3703 ud

149 3763 207 3824 ee,
236 3762 324 3829 quae
344 3763 414 3810 uon
430 3740 494 3808 sint
513 3740 547 3806 in
564 3740 710 3809 dicendo
725 3741 844 3834 positu.
896 3740 985 3811 Tale
1004 3740 1088 3830 quid
1102 3740 1191 3808 enim
1211 3741 1265 3807 in-
1353 3793 1358 3803 .

109 3923 115 3936 ⁸
148 3843 306 3935 telligere
329 3846 502 3936 cogimur:
528 3844 659 3912 nullum
683 3855 732 3914 est
754 3843 902 3932 dictum,
928 3845 1056 3914 dietum
1081 3842 1175 3934 quod
1197 3865 1266 3911 non

148 3947 191 4016 sit
211 3947 321 4039 prius,
347 3948 407 4018 sed
431 3945 636 4040 cogitatum,
662 3949 723 4019 sed
743 3949 883 4019 factum.
934 3948 1041 4037 Atqui
1061 3947 1099 4015 id
1121 3947 1273 4018 alienum

149 4057 200 4118 est
222 4053 266 4118 ab
286 4049 467 4124 hocloco.
520 4052 626 4136 Quod
648 4052 676 4120 si
697 4052 883 4126 necessario
909 4075 930 4120 ιι
952 4051 1176 4143 verbisquod
1196 4073 1267 4121 unu
1339 4059 1344 4068 '

147 4153 279 4224 initium
299 4154 375 4222 fieri
393 4155 515 4238 debet,
541 4175 622 4240 cur,
645 4157 740 4247 quod
760 4155 867 4225 modo
888 4155 1267 4247 significabummoete

150 4256 240 4342 diei,
273 4256 455 4349 quod'mm
475 4258 612 4326 dietum
635 4253 694 4351 se
701 4259 826 4354 prius,
867 4259 909 4326 iu
925 4258 997 4330 hou
1021 4251 1112 4330 loce
1126 4280 1194 4329 uun
1216 4265 1266 4327 est

51 4423 54 4427 .
149 4361 393 4452 probandum?
417 4363 616 4454 Propterea,
640 4363 732 4457 quie,
756 4385 861 4457 quum
882 4361 977 4434 idem
991 4362 1265 4444 uerbumitrruru
