3058 5046
128 381 132 387 ,
244 303 309 366 aas
473 291 1133 362 crusvaanovrnnnmronrs

245 467 466 552 casaubono,
499 477 598 561 pater
613 468 674 536 illo
693 476 727 536 et
746 463 927 538 Maecenas
945 465 1117 534 literarum
1140 487 1182 534 ao
1204 465 1358 536 Ιὶιοιαιοέ

244 597 338 658 ιιιιιι,
361 573 397 640 in
413 569 588 662 cujusdam
608 571 816 664 praelongae
837 567 1087 652 ambulationis,
1113 591 1200 658 quae
1222 568 1359 639 Fonte·

244 676 497 774 bellae-aquae
520 675 647 762 visitur,
679 674 876 766 parietibus,
912 672 1084 740 universae
1106 669 1279 763 Odysseae
1301 695 1359 741 ar-

244 785 443 872 gumentmn
456 777 584 846 solertis
599 778 738 870 pictoris
753 776 913 868 penicillo
936 773 1156 864 spectandum
1176 772 1357 866 exhibuit.)

244 877 438 952 Eustathius
461 879 524 970 (ad
538 878 607 950 od.
622 901 653 946 ra
669 902 704 971 p.
721 873 985 961 routzuurt,
1010 873 1205 968 61:38.)
1231 877 1357 974 Δῆλον

246 981 327 1059 δ”
305 1009 365 1056 οτι
385 974 432 1054 νδ
451 982 625 1060 τοιοῦτον
647 974 836 1102 βασιλινδν
859 971 1015 1052 διίπιδον
1035 1004 1094 1050 ναι
1086 978 1357 1106 κραταίπεδον

245 1085 292 1160 ἄν
307 1087 360 1180 εἴη
378 1077 498 1156 διαί
451 1111 495 1157 το
512 1080 557 1165 οίς
575 1077 666 1165 ιίιιδς
680 1075 978 1206 λιθόστρωτον
943 1099 1053 1152 strar·
1063 1079 1161 1208 περί
1183 1077 1227 1168 οὗ
1237 1107 1358 1208 σαφιρς

247 1181 396 1284 ῳρσίσις,
422 1178 488 1270 νδ,
513 1185 632 1256 ταῦτα
656 1185 694 1259 δι’
722 1177 842 1257 πιίνια
866 1176 1079 1256 διίπιδον
1043 1209 1137 1272 αχεν
1158 1187 1197 1256 ἐν
1220 1180 1357 1305 ρ’βονιί-

247 1314 345 1368 σνοις
369 1286 598 1379 συγκείμενον
621 1290 658 1359 ἐν
681 1284 863 1359 παντοίων
890 1283 1014 1356 λίθοιν
1060 1281 1239 1358 'Eudo'
1216 1311 1286 1380 ορα
1310 1277 1357 1357 τί

246 1387 471 1484 ἀβακίσκοις·
505 1392 541 1472 ἐξ
569 1385 613 1461 οὗ
640 1384 804 1484 δῆλον
776 1414 820 1469 οις
850 1382 894 1458 od
924 1379 1040 1479 μόνον
1075 1384 1132 1460 im
1161 1382 1357 1466 σανίδος
1334 1413 1355 1458 ο

247 1491 340 1586 ἅβαξ
363 1485 492 1562 ιιαί
445 1518 489 1563 το
524 1483 697 1584 αβοίιιιον,
730 1483 812 1564 ἀλλ’
834 1481 1264 1570 fundamentalem
1243 1514 1357 1582 ομοι-

219 1586 457 1690 ·οσχημόνοιν
485 1591 635 1674 ξυλίνοις
663 1589 757 1684 apae
757 1618 802 1663 ιν.
868 1590 946 1680 (De
973 1610 1079 1682 opere
1117 1591 1248 1660 musivo
1283 1591 1358 1660 fuse

247 1706 281 1763 et
308 1695 410 1766 docte
433 1695 503 1786 egit
525 1693 669 1764 Casaub.
693 1693 738 1763 ad
758 1693 938 1764 Suetoui.
963 1690 1065 1786 46.)“
1173 1753 1183 1774 ,

246 1898 443 1971 Cuiusmodi
458 1896 767 1991 interpolationibus
783 1897 865 1988 quid
888 1897 981 1967 aliud
996 1895 1157 1968 effectum
1169 1903 1230 1984 est,
1254 1918 1358 1987 quam

213 1983 300 2088 ’,ιιι
335 2003 393 2092 qui
413 2002 497 2072 scire
520 2002 620 2087 velit,
653 2002 735 2091 quid
759 1999 985 2092 Stephanus
975 2023 1048 2092 ipse
1071 1997 1211 2086 dixerit,
1252 1999 1358 2068 veteri

244 2052 395 2174 editione
409 2127 526 2174 carere
537 2097 709 2196 nequeat?
733 2105 780 2174 Ει
795 2127 898 2193 quam
913 2104 1028 2188 multi,
1053 2104 1175 2193 quibus
1194 2101 1277 2171 olim
1295 2101 1357 2170 illa

244 2231 313 2278 non
329 2207 373 2276 ad
392 2231 528 2278 manum
543 2209 620 2294 erit,
646 2206 888 2298 ambiguitate'
878 2207 964 2282 ista
954 2228 989 2273 ιιι
1006 2227 1154 2276 errorem
1175 2205 1355 2278 conficien-

242 2322 315 2398 tur,
343 2311 588 2402 stephanoque
611 2311 773 2396 tribuent,
808 2332 895 2399 quae
917 2332 1099 2399 numquam
1123 2310 1249 2377 abillo
1270 2307 1357 2378 rsori-s

243 2423 304 2507 pta
327 2414 485 2484 fuerunt?
533 2416 671 2483 Praeter
691 2411 779 2482 haec
803 2411 890 2481 illud
915 2413 1076 2503 quodque
1101 2409 1202 2483 valde
1224 2413 1355 2483 incom-

244 2516 385 2587 modum
409 2528 481 2600 est,
510 2515 623 2607 quod,
666 2538 753 2604 quae
775 2538 816 2584 ex
837 2515 979 2586 aliorum
999 2514 1129 2606 s'criptis
1151 2514 1357 2608 deprompta

245 2628 335 2702 sunt,
370 2621 434 2686 etsi
454 2619 526 2686 fere
547 2618 709 2687 uncinulis
734 2618 779 2686 ad
801 2619 947 2708 primum
968 2620 1190 2707 ultimumque
1214 2619 1356 2688 verbum

243 2712 384 2813 sippictis
410 2769 431 2806 „
445 2727 467 2764 “
483 2721 745 2812 distinguuntur,
794 2729 907 2788 tamen
936 2729 1078 2815 propter
1110 2721 1357 2790 multitudinem

244 2824 369 2891 horum
401 2823 633 2891 uncinulormn
659 2845 762 2912 saepe
791 2822 851 2891 diu
879 2824 1108 2912 quaerendum
1136 2833 1203 2910 est,
1251 2845 1356 2911 usque

218 2926 345 3010 ddum,
371 2924 463 2993 cuius
489 2945 530 2992 ea
551 2922 655 2992 verba
676 2923 756 3008 sint,
781 2927 937 3016 reperias
988 2926 1087 2996 Haeo
1109 2925 1219 2993 omnia
1233 2925 1355 2993 talibus

244 3028 443 3120 quibusdam
459 3028 560 3120 signis
575 3026 753 3118 appositis,
780 3049 867 3116 quae
883 3027 985 3098 facile
1001 3029 1091 3098 ultro
1106 3014 1148 3096 in
1168 3027 1286 3097 oculos
1299 3028 1356 3094 in·

245 3140 431 3216 currerent,
474 3130 588 3199 evitari
621 3139 807 3221 potuerant.
871 3131 1015 3217 Contra,
1056 3154 1143 3221 quae
1174 3153 1217 3200 ex
1237 3129 1356 3200 lndioe

244 3232 411 3326 Stephani
428 3243 565 3334 pecepta
595 3241 688 3318 aunt,
715 3255 784 3301 non
804 3255 890 3326 opus
909 3233 1082 3302 habebant
1104 3233 1268 3303 uncinulis
1287 3233 1355 3302 istis

244 3336 288 3406 ad
307 3335 456 3427 singulos
469 3357 580 3404 versus
593 3335 770 3426 appositis,
796 3338 915 3427 quibus
937 3338 1078 3424 rectius,
1103 3361 1191 3426 quae
1212 3337 1364 3424 aliorum

237 3440 566 3524 ,additamentasunt
592 3437 733 3506 decreta
748 3438 893 3507 fuissent
945 3438 1051 3525 Quod
1066 3441 1111 3508 de
1127 3449 1230 3525 textu,
1256 3440 1356 3508 etiam

245 3544 289 3611 de
312 3541 581 3610 adnotationibus
604 3541 732 3610 dictum
752 3542 925 3628 volumus,
961 3565 1104 3633 quarum
1130 3543 1166 3610 in
1190 3542 1356 3634 plurimis,

244 3670 332 3735 quae
352 3644 566 3736 longissimae
589 3653 681 3730 sunt,
713 3666 815 3735 saepe
844 3668 969 3738 magna
990 3645 1165 3738 diligentia
1186 3651 1272 3737 op'us
1295 3653 1356 3730 est,

243 3760 282 3816 ut
303 3745 622 3832 animadvertamus,
655 3755 769 3814 utrum
791 3747 988 3834 Editomm,
1021 3771 1064 3816 an
1087 3749 1229 3816 aliorum
1252 3748 1356 3816 verba

242 3853 405 3941 legamus.
457 3850 636 3918 Praeterea
648 3849 733 3916 illud
748 3871 885 3940 quoque
900 3852 1078 3920 molestum
1094 3860 1160 3937 est,
1186 3849 1282 3940 quod
1298 3849 1357 3940 qui

244 3955 278 4020 in
298 3963 388 4021 textu
405 3953 508 4044 positi
529 3960 603 4020 sunt
622 3952 828 4021 minutissimi
844 3954 989 4042 numeri,
1017 3953 1063 4022 ad
1081 3977 1163 4043 quas
1177 3963 1286 4022 notae
1300 3974 1357 4020 re-

245 4039 412 4139 ferantur,
443 4055 488 4123 ita
510 4055 627 4126 oeulos
645 4054 796 4147 fugiunt,
830 4064 866 4122 ut
892 4079 993 4148 saepe
1016 4057 1075 4125 diu
1106 4057 1218 4124 omnia
1238 4056 1356 4147 perlu-

244 4157 379 4226 stranda
400 4155 479 4240 sint,
505 4159 698 4248 priusquam
721 4158 853 4250 locuni,
888 4160 1049 4251 adquam
1068 4169 1198 4254 spectet
1214 4158 1357 4226 adnota-

244 4261 310 4348 tio,
344 4258 498 4328 invenias.
558 4260 664 4346 Quod
684 4261 784 4330 facile
807 4261 904 4330 vitari
924 4274 1076 4356 poterat,
1111 4263 1259 4333 numeris
1287 4260 1359 4330 istis
