3078 5026
508 360 821 428 111881111ΤΔΤΙΟ
849 361 1248 426 11158

135 534 235 602 aliter
253 530 455 623 scripturum
474 484 644 616 subse,
618 553 647 599 ιι
664 533 795 621 saepius
816 530 850 598 iu
870 529 984 600 Sicilia
1004 459 1118 600 fuisset
1135 541 1248 623 poeta

134 638 215 706 Non
238 653 308 726 ego
329 656 408 702 saue
424 630 513 705 haec
528 645 723 726 argumenta
739 655 874 724 prorsus
892 635 1164 726 contempserim.
1190 635 1250 703 sed

135 739 247 806 fateor
260 747 391 822 tamen,
416 737 552 806 minoris
574 759 614 804 ea
635 738 795 827 ponderis
816 759 904 822 esse,
929 759 1033 826 quarn
1045 739 1156 828 prima
1171 761 1250 828 spe·
1328 808 1334 820 ,

136 843 190 912 cie
208 840 373 908 videntur.
424 839 513 908 Nam
523 839 693 909 Athenaei
708 840 848 929 quidem
865 843 966 908 rerba
987 849 1077 909 certe
1091 840 1161 910 hoc
1183 863 1251 908 non

137 942 338 1027 excludunt,
362 961 432 1010 non
455 942 563 1011 semel
580 943 615 1010 in
643 943 759 1012 Sicilia
778 942 879 1012 fuisse
901 941 1124 1033 Aeschylum:
1158 941 1252 1031 quod

139 1055 254 1115 autem
269 1044 315 1112 ad
329 1054 499 1130 caeteros,
523 1067 609 1134 quos
628 1033 907 1131 cominemorhvi,
933 1046 1113 1136 scriptores
1125 1048 1252 1130 attinet,

136 1171 238 1218 nemo
259 1169 328 1216 non
348 1147 457 1233 videt,
484 1170 587 1236 quam
609 1147 730 1234 facile,
756 1171 861 1238 quum
882 1150 915 1216 10
939 1148 1054 1218 Sicilia
1083 1158 1253 1217 mortuum

138 1273 209 1320 esse
232 1258 371 1341 poetam
393 1251 532 1336 scirent,
574 1273 723 1320 caussam
753 1260 864 1319 autern
894 1251 1017 1320 itineris
1047 1261 1115 1320 000
1140 1273 1252 1335 unam,

138 1355 268 1445 quippe
290 1353 362 1420 aliis
378 1353 423 1420 de
444 1353 512 1422 alio
529 1354 647 1424 itinere
667 1354 918 1440 disserentibus,
944 1353 1058 1422 afferri
1082 1354 1250 1439 vidissent,

139 1456 227 1526 haec
239 1456 287 1523 ita
309 1455 481 1546 potueriat
503 1456 728 1541 confundere,
753 1466 791 1525 ut
808 1457 911 1525 semel
930 1457 1122 1549 profectum
1138 1458 1173 1523 iu
1195 1457 1299 1528 si-ro

140 1559 252 1630 ciliam
273 1558 389 1648 ibique
414 1568 585 1628 mortuum
604 1568 770 1650 putarent.
821 1560 928 1628 Attuli
951 1559 1039 1630 haec
1061 1581 1103 1628 co
1122 1568 1252 1627 tanturn

139 1663 225 1743 fine,
248 1668 286 1730 ut
308 1661 534 1747 ostenderem,
559 1661 643 1730 nihil
665 1685 755 1747 esse,
785 1685 889 1751 quare
907 1685 1043 1754 prorsus
1061 1663 1253 1734 reiiceretur

137 1763 264 1834 Suidae
279 1763 324 1832 de
340 1763 403 1832 'usto
419 1766 537 1834 itinere
559 1766 792 1866 testimonium.
844 1765 930 1835 Sunt
955 1789 1036 1835 vero
1060 1767 1161 1834 etiam
1177 1764 1252 1850 alia,

139 1889 244 1957 quae,
285 1867 414 1936 etiamsi
443 1869 586 1938 Suidam
609 1892 720 1938 errare
742 1869 880 1955 credas,
918 1869 1113 1938 senteutiam
1142 1892 1254 1938 meam

139 1969 240 2038 valde
262 1971 500 2043 commendare
519 1972 730 2042 videantur.·
757 1973 912 2055 Quorum
935 1974 1002 2041 alia
1022 1974 1124 2056 infra,
1150 1993 1255 2040 uuum
1308 1959 1311 1968 ’

138 2096 228 2142 nunc
241 2071 392 2142 afferam.
443 2075 624 2164 Syracusas
646 2076 692 2144 ad
705 2076 890 2145 Hieronem
905 2099 1025 2168 regem
1042 2076 1169 2144 venisse
1182 2075 1255 2143 Ae-

140 2175 316 2265 schylum,
344 2176 539 2246 testimoniis
554 2181 755 2272 scriptorum
774 2201 843 2246 000
864 2179 1031 2268 ambiguis
1050 2178 1255 2267 comproba-

140 2290 215 2347 tum
228 2279 382 2347 vidimus.
432 2279 485 2347 lta
506 2302 587 2348 vero
603 2281 718 2350 mirari
737 2280 835 2365 licet,
866 2279 948 2369 quid
966 2281 1026 2365 sit,
1052 2279 1146 2368 quod
1166 2302 1187 2346 a
1202 2279 1256 2344 vi-

138 2392 195 2450 tae
229 2380 391 2470 scriptore
416 2403 485 2450 non
516 2383 609 2473 apud
632 2383 876 2470 Syracusanos,
918 2382 977 2450 sed
1006 2382 1099 2471 apurl
1128 2379 1257 2448 Gelocs

136 2487 175 2554 10
197 2481 331 2550 honore
352 2483 470 2570 fuisse,
496 2505 560 2554 uec
574 2485 764 2575 Syracusis,
790 2485 848 2553 ubi
863 2507 941 2553 eum
957 2473 1105 2574 hospitia
1122 2491 1257 2553 contra-

137 2587 225 2654 xisse
246 2585 382 2672 credas,
409 2587 469 2654 sed
493 2588 581 2666 circa
605 2587 746 2671 Gelam,
772 2611 877 2686 quum
901 2610 942 2656 ex
964 2587 1095 2678 oppido
1118 2586 1256 2669 exiisset,

140 2698 178 2757 ut
198 2687 353 2756 Valerius
380 2689 566 2786 Maximus,
608 2713 678 2760 000
702 2691 761 2758 ille
786 2699 899 2759 tamen
923 2689 1047 2758 Gelam
1074 2689 1256 2781 nominans,

140 2791 200 2862 lX.
217 2788 277 2858 12.
303 2791 425 2877 refert,
452 2803 602 2863 mortuus
617 2794 834 2886 sepultusque
853 2793 992 2868 dicatur.
1028 2793 1157 2864 Multas
1178 2815 1256 2860 sane

142 2894 348 2964 comminisci
368 2917 543 2985 possumus
563 2921 712 2982 caussae,
748 2899 871 2987 quibus
887 2896 984 2966 haec
996 2897 1042 2966 ita
1064 2896 1256 2966 acciderint.

141 2996 214 3065 Sed
233 3019 337 3086 quum
353 2999 425 3085 alii,
450 3009 488 3069 ut
505 3000 592 3070 vitae
613 3003 757 3092 scriptor
773 3010 928 3084 testatur,
956 3023 1034 3068 eum
1051 3001 1086 3066 in
1106 3000 1257 3068 Siciliam

143 3099 259 3168 abiisse
284 3101 416 3187 dicant,
447 3103 542 3193 quod
571 3104 677 3174 victus
703 3105 852 3172 essetab
876 3102 1067 3185 Simonide,
1098 3123 1185 3189 quae
1206 3122 1258 3167 res

144 3203 254 3271 evenit
274 3201 412 3325 Olymp.
440 3206 597 3280 LXXllI.
622 3206 656 3274 1.
685 3206 815 3326 quidni
828 3204 1003 3274 credamus
1029 3203 1153 3274 Gelam
1185 3211 1258 3300 turn

143 3305 304 3374 eumsive
318 3309 486 3397 primurn,
513 3307 582 3376 sive
600 3309 722 3376 itemm
746 3310 865 3392 ivisse,
887 3292 1136 3400 probatumque
1157 3279 1259 3373 habi·
1296 3306 1299 3314 ’

141 3409 227 3476 10011
240 3408 288 3477 ibi
309 3409 468 3496 Hieroni,
494 3433 598 3501 quern
618 3411 751 3480 biennio
773 3420 852 3502 post
867 3412 1002 3480 Gelo'
974 3433 1005 3480 er
1024 3413 1101 3480 urbi
1122 3409 1261 3500 praefe-

143 3512 206 3595 cit,
231 3533 335 3599 quum
353 3514 413 3581 illo
438 3525 610 3605 tempore,
637 3538 706 3605 quo
728 3516 834 3584 Hiero
854 3537 913 3582 rex
933 3515 1040 3584 factus
1062 3510 1259 3599 eratSyra-

142 3635 315 3710 casarum,
341 3639 452 3685 rursus
474 3618 629 3686 inviseret
652 3617 820 3700 Siciliam,
852 3617 1032 3704 Syracusas
1056 3613 1260 3705 profectum,
1290 3631 1293 3640 ’

142 3725 277 3787 mortuo
299 3719 451 3788 Hierone
473 3720 624 3809 antiquos
651 3719 819 3809 hospites,
852 3716 1000 3802 Geloos,
1041 3713 1262 3809 praetulisse?

142 3820 242 3891 Haec
265 3820 293 3891 si
313 3821 406 3892 lacta
423 3824 609 3908 statuimus,
635 3844 704 3890 000
727 3824 792 3890 erit
813 3842 917 3911 opus,
942 3829 980 3892 ut
997 3842 1201 3910 quemquam
1218 3819 1261 3885 il·-

141 3922 256 3993 lorum
285 3924 505 4016 scriptorum,
534 3925 594 4015 qui
619 3925 704 3994 alius
737 3925 836 3993 aliam
858 3924 904 3993 ob
931 3946 1082 3993 caussam
1106 3920 1261 4011 Aeschy-

143 4025 216 4094 lum
245 4027 280 4093 iu
302 4025 452 4098 Siciliam
475 4029 576 4098 ivisse
602 4028 757 4113 tradunt,
792 4029 911 4095 erroris
938 4048 1127 4120 arguamus.
1188 4025 1261 4094 Sed

144 4128 274 4197 etiarnsi
292 4126 399 4217 haec,
424 4155 512 4221 quae
529 4134 592 4199 tria
605 4132 701 4199 nobis
714 4130 869 4198 ridentur
885 4132 1003 4198 itinera
1017 4129 1130 4214 fuisse,
1155 4151 1260 4196 uuum
1344 4197 1345 4200 ,

144 4232 380 4300 tantummodo
400 4234 481 4318 siut,
521 4243 555 4300 at
574 4235 711 4302 rediisse
732 4241 845 4300 tamen
866 4232 1075 4322 Aeschylum
1099 4230 1260 4311 Athenas,

148 4341 184 4404 et
202 4345 339 4426 postea,
365 4336 434 4406 sive
458 4337 598 4421 iteruin,
624 4336 692 4406 sive
711 4346 882 4426 quartum,
916 4337 951 4405 in
972 4337 1123 4409 Siciliam
1142 4334 1262 4425 proie-
