3058 5046
278 381 344 446 am
498 375 1173 440 cnusvnruovannornroms
1284 327 1286 332 ⁵

280 557 368 633 erat,
393 549 520 616 etiamsi
541 541 776 643 ἀγαπώμενος
798 557 832 620 et
853 546 1070 647 ἀγαπωμένη
1100 550 1144 618 de
1162 550 1202 619 iis
1222 551 1392 627 interdum

278 651 465 735 diceretur,
498 653 675 741 quosquis
706 653 832 722 vareris
854 675 917 720 usu
942 653 1097 745 cognitos
1117 638 1239 738 habet}
1278 666 1393 724 tamen

278 757 323 823 ab
344 756 419 844 ipso
441 756 546 822 verbo
565 753 664 824 huius
680 756 728 823 rei
744 755 1022 848 significationem
1036 757 1139 846 plane
1154 758 1297 825 alienam
1309 783 1391 828 esse.

277 857 318 924 ld
340 857 434 947 quod
454 857 669 941 confirmant,
705 881 792 946 quae
813 881 849 950 p.
874 855 936 925 84.
966 859 1012 926 de
1037 859 1226 929 nominibus
1245 856 1391 959 circop-

276 960 338 1032 roi
365 969 398 1029 et
423 956 607 1058 ἀγαπητοὶ
631 961 793 1030 adnotata
815 969 899 1031 sunt.

239 1236 241 1247 s
378 1167 457 1234 Non
475 1185 612 1256 prorsus
634 1165 751 1234 inutile
770 1159 1060 1250 forsitan'iuisset‚
1084 1164 1119 1232 in
1141 1163 1336 1255 compositis
1352 1187 1392 1233 ex

277 1289 309 1335 v.
326 1262 466 1361 οἷγαθός
491 1269 562 1336 duo
582 1279 742 1360 corrupta
764 1269 929 1339 vocabula
943 1289 991 1336 er
1011 1268 1199 1357 Aeschylo,
1225 1272 1391 1340 πλουτο-

277 1365 394 1466 γαθής
426 1381 460 1439 et
493 1366 720 1466 φιλαγαθῆς,
766 1372 942 1456 adnotare,
982 1368 1027 1440 de
1069 1373 1188 1462 quibus
1228 1370 1391 1439 videndus

276 1475 513 1544 Blomtieldius
536 1474 581 1541 ad
601 1475 695 1566 Sept
719 1497 749 1547 c.
772 1475 889 1544 Theb.
911 1472 999 1543 912.

377 1679 541 1747 Dedimus
566 1679 736 1769 specimen
763 1701 899 1765 eorum,
930 1703 1019 1771 quae
1044 1680 1101 1748 vel
1125 1677 1209 1747 addi
1234 1677 1393 1767 potuisse,

276 1783 332 1848 vei
351 1781 471 1871 paullo
495 1783 680 1850 accuratius
713 1782 781 1850 dici
807 1793 1011 1874 putaremus.
1067 1784 1166 1851 Nunc
1190 1781 1322 1849 dicatur
1347 1780 1391 1846 de

275 1884 332 1967 iis,
372 1905 459 1972 qnae
478 1885 588 1952 omitti
616 1886 763 1976 potuisse
783 1881 969 1958 videantur.
1022 1887 1137 1973 Atque
1157 1885 1282 1952 horum
1306 1906 1390 1971 qua-

277 1986 421 2076 druplex
441 2009 547 2078 genus
569 1996 626 2056 est.
673 1989 756 2056 ¹Alia
777 1991 866 2056 enim
893 1990 996 2079 plane
1020 1999 1054 2056 et
1074 1988 1208 2057 omnino
1230 2009 1389 2076 superva-

277 2111 381 2158 canea
404 2099 516 2169 erant3
542 2090 753 2158 aliabrevius
768 2100 803 2160 et
817 2091 1105 2162 contractius⁸dici
1129 2099 1302 2181 poterant3
1326 2089 1391 2156 alia

276 2193 397 2262 rectius
418 2193 489 2259 aliis
518 2191 601 2263 locis
628 2203 768 2262 servata·
785 2195 939 2276 fuissent-3
980 2195 1234 2282 diodorique,
1272 2215 1391 2281 quam-

278 2298 325 2363 vis
353 2297 548 2387 praeclara,
591 2321 611 2364 a
644 2298 822 2376 Thesauro
848 2297 918 2368 hoe
948 2300 1108 2368 alieniora
1144 2304 1248 2366 erant.
1308 2297 1391 2363 Per-

276 2419 454 2488 sequemur
481 2400 626 2491 singula.

231 2620 272 2682 13
351 2605 434 2673 ¹Ac
455 2605 586 2695 primo,
619 2629 723 2695 quum
750 2606 917 2674 neminem
942 2605 1019 2673 fore
1041 2613 1216 2696 putemus,
1255 2602 1392 2692 quinia

275 2715 345 2773 tam
370 2707 501 2797 largae*
517 2710 676 2776 materiae
700 2730 805 2799 opere
826 2709 998 2792 brevitati,
1032 2705 1147 2797 quoad
1171 2707 1246 2773 fieri
1268 2715 1392 2796 posset,

275 2808 479 2876 studendum
495 2809 597 2876 fuisse
610 2821 761 2897 censeat,
787 2811 891 2880 facile
914 2833 1029 2880 omnes
1051 2811 1226 2878 nobiscum
1250 2831 1392 2878 consen-

164 2941 169 2950 ·
275 2933 368 2979 suros
388 2931 576 3002 speramus,
603 2914 648 2998 si,
672 2912 836 3002 quidquid
860 2924 918 2983 aut
942 2935 1011 2982 non
1034 2914 1078 2984 ad
1102 2936 1174 2981 rem
1197 2913 1393 3003 pertineret,

276 3023 335 3085 aut
354 3014 439 3082 nihil
461 3015 609 3084 utilitatis
626 3015 778 3101 afferret,
805 3016 913 3084 omitti
934 3017 1091 3086 debuisse
1111 3013 1392 3088 contenderimus

276 3119 329 3188 Ac
347 3118 457 3186 mirati
478 3140 608 3206 sumus,
640 3120 868 3190 nonnullaab
892 3119 1087 3189 Editoribus
1116 3117 1281 3208 adscripta
1306 3139 1391 3200 esse,

275 3243 364 3310 quae
385 3243 455 3310 quo
470 3223 538 3290 tine
556 3223 686 3294 adiecta
705 3224 786 3312 sint,
810 3223 915 3314 plane
935 3246 1004 3292 non
1020 3233 1173 3316 apparet.
1225 3221 1312 3289 Satis
1324 3220 1391 3286 ha·-

274 3325 447 3408 bebimm,
473 3325 561 3392 haec
574 3325 643 3392 duo
661 3349 703 3394 ex
717 3326 831 3418 primis
845 3328 979 3418 paginis
993 3347 1269 3397 commemorare.
1296 3324 1335 3391 P.
1356 3321 1391 3389 2.

274 3451 380 3518 quum
411 3427 604 3518 Stephanus
634 3430 743 3498 obiter
775 3429 928 3511 dixisset3
978 3451 1049 3516 „ex
1077 3423 1221 3503 Κάππα
1250 3424 1389 3515 qnidam

273 3525 414 3606 Κόππα
429 3531 599 3601 fecerunta
622 3532 713 3600 unde
728 3541 864 3624 putatur
879 3555 949 3602 esse
962 3531 1164 3612 κοππατίας
1183 3532 1292 3599 dictus
1313 3529 1388 3618 qui-¹·

275 3634 356 3702 dam
379 3656 484 3724 equus
511 3655 566 3726 ap.
588 3635 794 3728 Aristoph.“
827 3659 896 3703 non
912 3636 1021 3706 modo
1037 3633 1160 3703 uersus
1186 3634 1236 3700 illi
1260 3633 1389 3702 Aristo-

274 3737 396 3828 phanis
424 3739 484 3806 ubi
505 3737 714 3831 legerentur,
753 3739 812 3807 sed
833 3741 906 3830 ipsa
929 3743 1031 3809 etiam
1049 3739 1155 3808 verba
1183 3746 1307 3828 poetae
1327 3758 1390 3825 ap-

274 3842 384 3931 posita
404 3841 564 3909 ridemus.
615 3844 719 3932 Atqui
738 3852 776 3910 ut
803 3843 944 3911 alterum
969 3843 1139 3926 facerent,
1158 3847 1268 3910 certe
1284 3839 1390 3906 ‘verba

275 3942 422 4013 adscribi
443 3945 578 4013 minime
600 3956 670 4012 erat
692 3945 920 4014 necessarium.
971 3947 1087 4038 Magis
1107 3943 1228 4012 mirum
1248 3941 1320 4010 hoe
1343 3950 1391 4008 est

276 4068 311 4136 p.
332 4043 368 4111 9.
391 4047 450 4114 ubi
474 4049 652 4140 scripserat
665 4047 875 4139 Stephanus:
900 4095 922 4134 ‚,
932 4049 1044 4133 Quam
1061 4048 1306 4138 expositionem
1325 4043 1390 4110 ha-

274 4147 335 4214 bet
355 4156 389 4213 et
407 4171 510 4218 uuum
529 4148 570 4220 er'r
591 4151 674 4219 meis
696 4160 759 4219 vet.
782 4151 948 4222 Lexicis.“
998 4153 1055 4221 Ad
1072 4151 1162 4218 haec
1177 4151 1281 4217 rerba
1301 4146 1391 4215 hanc

275 4249 442 4329 adiectam
463 4253 614 4332 videmus
635 4254 901 4323 adnotationem:
939 4257 1027 4342 ‚‚‚ln
1047 4257 1160 4345 Etym.
1176 4252 1228 4319 Μ.
1250 4275 1287 4342 p.
1302 4247 1389 4322 (ili).

275 4353 387 4440 „1⁰02
403 4376 477 4444 ltro
500 4352 691 4455 Οἰσπῶτη,
724 4352 818 4452 duriti
842 4353 1052 4456 προβάτου,
1086 4355 1273 4450 legendum
1294 4353 1391 4424 vide-
