3058 5046
248 343 314 408 rso
363 339 413 400 on
433 339 469 400 a.
485 337 677 400 BENTLulo
695 335 863 413 ervsuvs
880 288 1065 402 sonions
1083 335 1264 400 annuum

245 511 375 606 iegitur
393 511 429 582 in
445 508 499 580 ed.
511 509 678 580 Putsohii:
704 501 862 580 Naevius
883 509 920 578 in
944 507 1093 580 Colace:
1117 509 1178 602 qn·
1191 507 1368 578 decumus

245 623 374 709 parles
394 621 565 706 mantum
588 613 696 684 alicui
707 612 786 707 ficit
803 612 981 706 polluerit,
1007 611 1071 681 tius·
1093 635 1118 682 α
1140 609 1367 703 publicando

251 714 355 812 epulo
379 716 546 788 Herculis
562 717 751 786 demamus.
803 717 849 784 Et
871 715 906 782 in
925 715 1045 784 Naevii
1069 714 1208 803 quidem
1228 715 1367 784 nomine

251 841 385 906 omnes,
417 841 503 911 quos
528 843 596 912 ego
617 819 738 906 sciam,
778 816 857 886 libri
883 818 1100 887 consentiunt.
1159 817 1257 886 Alter
1285 817 1365 888 cod

250 921 345 1016 Lips.
393 922 481 1016 quid
518 945 583 1016 pro
622 924 692 1016 qui.
759 923 916 991 Fortasse
954 921 1001 990 ita
1040 916 1255 992 scribendum
1294 920 1367 992 hoc

251 1025 495 1122 fragmentum

210 1181 253 1246 ru
358 1178 445 1272 quid
460 1178 630 1248 decumas
641 1173 791 1270 portis?
814 1184 984 1269 moratum
999 1177 1049 1245 mr·
1065 1175 1172 1246 alicui
1193 1174 1274 1268 fult,

350 1280 492 1375 polluci
515 1281 580 1351 till
601 1283 676 1351 iam
688 1279 909 1376 publicando
929 1281 1033 1376 epulo
1054 1280 1222 1350 Herculis

355 1386 534 1456 decurram.
806 1404 808 1410 ’
1063 1403 1066 1412 ’

253 1537 353 1624 Quae
374 1538 478 1606 verba
500 1543 594 1606 emnt
616 1536 845 1627 exprobrantis
856 1534 1028 1606 ‚beneficia
1046 1534 1081 1601 in
1094 1519 1275 1626 parasitum
1288 1533 1369 1604 ’θοί-Ὶ

252 1641 332 1708 lata.
359 1640 447 1709 Vide
468 1640 662 1732 interpretes
679 1640 790 1713 Plauti
807 1639 852 1706 ad
867 1639 966 1707 Cure.
982 1637 1026 1706 fl.
1048 1637 1092 1721 3,
1118 1635 1180 1709 79.
1206 1634 1314 1704 Stich.
1338 1636 1366 1701 1.

142 1815 144 1820 ,
254 1742 297 1827 3,
323 1740 385 1810 81.
414 1741 486 1812 Sed
514 1743 590 1810 satis
612 1741 696 1810 mihi
720 1742 838 1810 videor
862 1741 991 1810 Naevio
1016 1739 1190 1809 asseruisse
1214 1739 1368 1806 fabulam

254 1844 427 1916 Colacem.
478 1845 597 1934 ltaque
611 1854 761 1913 revertor
773 1844 819 1912 ad
831 1844 1032 1912 Bentleinm.
1084 1843 1153 1927 Qui
1165 1841 1261 1931 qnod
1274 1841 1368 1925 dicit,

253 1947 373 2020 miram
395 1969 465 2016 esse
484 1947 710 2032 locutionem,
744 1946 911 2017 Colacem
932 1967 1007 2014 esse
1021 1943 1156 2030 Naevi,
1184 1953 1218 2013 et
1242 1944 1369 2018 Plauti

253 2057 408 2120 ueterem
424 2048 617 2142 fabulam,
647 2059 682 2117 et
702 2072 790 2138 qnae
813 2070 918 2140 porro
939 2048 984 2118 de
1006 2046 1059 2115 his
1075 2048 1185 2116 verbis
1207 2047 1367 2138 disputat,

254 2152 422 2222 neminem
438 2152 581 2220 arbitror
594 2161 663 2219 tam
682 2150 842 2220 hebetem
862 2175 951 2236 esse,
986 2151 1067 2241 quin
1084 2151 1216 2235 videat,
1249 2149 1294 2220 de
1313 2152 1367 2217 in-

207 2245 210 2252 *
255 2255 384 2324 dustria
403 2277 481 2324 eum
501 2255 706 2324 calumniari.
756 2257 845 2324 Nam
867 2255 941 2344 quis
962 2253 1024 2323 sibi
1049 2253 1268 2345 persuadeat,
1298 2275 1368 2320 non

175 2425 177 2430 ,
254 2358 377 2428 vidisse
409 2381 505 2443 eum,
547 2358 595 2429 sio
627 2359 730 2426 uerba
762 2381 833 2428 esse
863 2356 1051 2450 iungenda,
1095 2357 1261 2427 Colacem
1293 2377 1370 2445 esse

255 2459 375 2532 Naeui
397 2467 432 2530 ct
451 2460 595 2546 Ploull,
619 2468 773 2530 calmem
786 2459 971 2555 fabulum.
1018 2459 1129 2528 Immo
1152 2460 1239 2530 bene
1264 2459 1368 2528 vidit:

257 2564 320 2633 sed
335 2565 439 2636 sciens
456 2563 691 2649 dissimulavit,
717 2573 754 2631 ut
772 2559 926 2650 haberet,
952 2584 1020 2652 quo
1035 2563 1234 2655 scripturam
1250 2583 1369 2651 suspe-

257 2675 347 2738 ctam
364 2665 530 2736 redderet
580 2667 670 2748 Nam
686 2667 722 2734 in'
740 2666 807 2735 illis
830 2665 915 2736 nihil
926 2671 1029 2752 erat,
1061 2665 1156 2755 qnod
1181 2665 1371 2756 reprehen-

257 2768 372 2854 deret,
397 2791 501 2859 quum
525 2769 666 2840 Luscius
690 2769 789 2854 dixit,
813 2768 1018 2840 Eunuchum
1038 2769 1191 2837 Terentii
1213 2791 1282 2837 uon
1304 2767 1371 2836 no-

129 2911 133 2916 =
256 2893 349 2956 vam,
375 2871 435 2939 sed
453 2881 600 2942 veterem
623 2870 776 2940 fabulam
794 2895 881 2953 esse3
907 2895 977 2939 esse
996 2871 1084 2937 enirn
1097 2868 1260 2939 Colacem
1275 2873 1371 2939 Nae-

257 2975 302 3043 vii
331 2983 364 3043 et
384 2973 505 3044 Plauti.
555 2975 714 3043 Veterem
734 2973 832 3068 {euim
856 2973 1007 3040 fabrilem
1035 2994 1136 3040 nemo
1169 2995 1237 3042 non
1262 2972 1372 3062 videt,

257 3099 326 3146 non
338 3087 409 3146 tam
423 3073 598 3164 causidici,
624 3099 714 3165 quae
732 3076 856 3144 multos
872 3086 1063 3164 anteannos
1079 3075 1169 3144 edita
1182 3075 1240 3161 sit,
1265 3098 1372 3165 quam

257 3177 366 3269 hanc,
397 3205 485 3271 quae
513 3201 581 3249 non
605 3180 773 3249 contineat
789 3202 915 3250 uovnnr
934 3177 1073 3269 aliquod
1094 3189 1214 3248 elnon
1234 3187 1312 3247 ante
1334 3181 1371 3247 in
1480 3191 1484 3197 '

258 3304 358 3352 scena
379 3283 484 3351 visum
502 3292 747 3377 argumentum
785 3283 882 3353 'Sed'
893 3282 1009 3375 pergit
1031 3282 1098 3368 alio
1119 3282 1263 3353 ‘artificio
1279 3299 1371 3352 'cons

257 3385 367 3455 futare
390 3384 554 3455 librorum
575 3385 790 3478 scripturam,
822 3409 927 3476 quum
945 3387 980 3452 in
1005 3407 1067 3470 eo,
1091 3386 1216 3474 inquo
1233 3395 1371 3456 accuset

256 3488 397 3560 Luscius
409 3489 626 3574 Terentium,
652 3488 811 3559 eumdem
824 3489 921 3558 simul
944 3511 1101 3560 excusare
1123 3490 1180 3562 ait.
1231 3490 1320 3557 Nam
1344 3489 1372 3556 si

205 3605 210 3614 ’
258 3591 435 3662 Terentius
450 3593 531 3663 furti
545 3602 740 3677 accusetur,
765 3591 860 3660 idem
880 3590 980 3660 etiam
996 3593 1156 3660 Plautum
1172 3591 1308 3677 secuse,
1326 3600 1372 3658 -ut

259 3694 306 3763 ab
325 3695 555 3787 Naevio,·qni
576 3719 611 3764 se
633 3694 798 3785 antiquior
816 3705 917 3783 esset,
943 3704 1181 3787 argumentum·
1199 3695 1287 3764 istud
1313 3691 1371 3761 fu-

258 3807 397 3867 raretur.
454 3801 538 3868 Esto
568 3821 667 3890 vero,
709 3807 747 3866 ut
773 3786 937 3866 Naevium
965 3797 1199 3890 compilaverit
1218 3799 1371 3866 Plautus:

259 3899 435 3990 quidhoc
456 3901 501 3970 ad
525 3899 621 3970 rem?
652 3901 795 3970 Furtum
815 3898 850 3969 in
871 3900 1033 3970 Terentio
1055 3900 1275 3993 reprehendit
1297 3899 1371 3968 Lu-

259 4003 363 4089 scius,
395 4005 474 4096 qni,
505 4007 532 4072 si
557 4004 650 4074 idem
675 4003 775 4074 etiarn
806 4003 945 4072 Plautus
968 4004 1069 4090 feeit,
1100 4027 1181 4074 num
1205 4003 1373 4080 ,laudabit

241 4104 380 4192 'hnnc?
415 4107 520 4176 immo
542 4130 651 4197 aeque
676 4103 921 4199 reprehendet,
962 4115 998 4176 et
1027 4129 1096 4176 non
1120 4107 1220 4176 fuisse
1237 4106 1372 4176 imitan-

261 4208 343 4278 dum
365 4207 474 4278 dicet:
502 4218 539 4277 ut
563 4210 647 4278 nihil
671 4209 752 4280 hine
778 4209 994 4282 excusationis
1007 4210 1169 4280 Terentio
1185 4211 1292 4300 possit
1311 4230 1371 4279 au-

262 4310 394 4383 cedere.
447 4308 596 4381 Omnino
616 4322 729 4382 autem
754 4335 823 4382 nou
843 4312 889 4384 de
913 4335 956 4384 eo
977 4308 1105 4407 agitur,
1130 4313 1212 4405 quid
1232 4313 1371 4384 Plautus
