3120 5030
255 341 299 405 rr
529 337 587 399 nn
617 323 855 400 rnscnrm
882 336 1085 399 convers

256 508 397 600 diporto
422 529 486 578 con
510 508 604 580 altre
627 507 788 579 domell'e
813 509 907 580 nelle
928 529 1123 580 mnremrne
1141 508 1194 579 'di
1221 505 1363 579 Vibone.

254 609 324 680 Mc
354 611 475 703 doppo
499 610 787 705 suvolcsamente
813 612 826 680 i
856 612 958 680 Poeti
982 611 1124 707 floruero
1145 619 1269 705 presto
1297 634 1361 682 ro·

250 713 343 806 pino
369 711 394 782 d
411 712 630 806 Proserpina
638 711 820 808 figliruolc
839 714 879 784 di
899 713 1047 794 Cerere3
1069 737 1137 784 nnn
1162 715 1301 783 dimone
1323 715 1363 783 lu

210 814 374 884 loceritd
396 815 458 885 del
474 814 576 909 sotto
602 815 793 886 &secondo
815 816 881 886 clue
909 816 990 888 dice
1010 817 1142 886 Proclo
1164 814 1244 885 nell*
1269 816 1362 909 npt-

126 985 128 996 ,
256 923 348 986 tome
371 918 419 988 de
433 916 633 1002 ,Orondiffi
669 915 943 989 el'lrabbiurnc
968 928 1161 989 acoemeto
1191 920 1250 987 nel
1272 941 1362 1013 pre-

254 1021 399 1090 cedente
423 1018 524 1105 libro,
549 1011 640 1089 dove
663 1016 690 1091 ε’
716 1018 736 1092 ὲ
759 1022 926 1092 descritto
949 1030 1038 1090 tutto
1062 1020 1086 1091 'l
1100 1043 1260 1092 successo
1276 1019 1360 1091 dett

163 1172 166 1180 ·
254 1123 421 1208 historin,
455 1145 475 1191 e
499 1121 625 1217 perciti
654 1146 724 1194 non
755 1124 1048 1218 ¹torepllccremo
1080 1125 1120 1194 di
1143 1146 1241 1193 novo.
1291 1119 1361 1193 Μὰ

254 1226 313 1295 cln‘
336 1226 439 1294 vuele
462 1225 677 1319 saperepiiu
702 1234 931 1316 ceramque,
976 1228 1042 1297 che
1065 1227 1286 1319 Rosopinu'
1306 1227 1364 1296 sia
1395 1229 1398 1236 “

208 1337 215 1352 ’
252 1334 350 1398 stuta
373 1325 530 1397 monna
553 1328 606 1396 do
631 1328 782 1398 Plutone
812 1331 872 1399 nel
904 1328 979 1399 lide
1007 1331 1070 1398 del
1100 1351 1202 1398 more
1232 1329 1272 1396 di
1301 1327 1363 1398 Vi-

254 1429 360 1514 bone,
400 1429 519 1524 legga
549 1429 689 1525 Messes·
712 1431 912 1502 Francesco
946 1431 1089 1503 Atunno
1112 1431 1165 1502 do
1188 1431 1363 1516 Ferrara,

253 1533 350 1602 nella
373 1554 441 1601 suo
454 1531 609 1626 fabrica
620 1533 683 1603 del
696 1535 844 1615 mond03
867 1534 1180 1605 doce-assendendo
1200 1535 1261 1602 cll
1276 1555 1361 1626 ope-

153 1695 159 1705 .
252 1636 354 1703 nime
378 1635 418 1704 di
431 1633 609 1706 Strabone
631 1637 690 1706 nel
714 1644 864 1707 trottuto
889 1638 989 1706 dello
1012 1639 1127 1723 mco,
1152 1659 1220 1706 usa
1244 1642 1362 1728 queste

119 1745 125 1754 ’
247 1737 388 1830 parole.
439 1737 717 1831 Proserpina
749 1741 793 1808 in
825 1741 972 1809 latino
997 1740 1185 1832 loquele
1208 1739 1362 1831 quella

253 1838 505 1909 medesima
533 1838 571 1926 i,
606 1841 685 1910 clue
709 1842 757 1910 lo
781 1837 925 1924 Luna,
967 1841 1162 1910 secondo
1191 1839 1362 1909 iPoeti

244 1939 626 2037 sisigtiuolu-di
649 1942 811 2028 Giove,
841 1965 861 2011 e
886 1943 932 2011 di
960 1941 1143 2027 Cerere,
1170 1942 1362 2011 essendo

252 2066 307 2113 nn
340 2045 508 2137 giorno
537 2040 603 2114 ne'
638 2047 772 2139 parti
803 2041 918 2114 delt’
946 2045 1065 2115 isoio
1092 2044 1139 2113 di
1172 2042 1359 2128 Sicilia,

253 2144 414 2239 ‹ipure
439 2147 486 2217 di
522 2145 694 2220 Vibone
720 2149 767 2217 in
792 2146 1035 2234 Calabria,
1071 2169 1193 2216 come
1221 2142 1257 2216 c'
1295 2145 1358 2214 in·
1412 2145 1425 2204 'a

252 2271 397 2342 seg-nc
427 2246 655 2342 Strabone
686 2247 712 2321 d
745 2250 927 2344 coglier
947 2249 1086 2347 sieri,
1109 2248 1167 2345 sit
1193 2247 1361 2317 vertute

253 2350 312 2422 do
329 2352 522 2422 Plutone
540 2351 627 2425 Dio
647 2351 752 2425 delt'
773 2351 982 2448 Insernc,
1008 2355 1043 2430 tl
1063 2351 1203 2447 'quale
1221 2372 1371 2444 proso

253 2454 625 2548 dalla-telleneo
659 2456 792 2529 della
816 2456 1078 2551 sonciulln,
1114 2457 1158 2525 la
1197 2451 1301 2546 rapt
1341 2473 1361 2521 e

243 2557 455 2654 secessio
484 2560 676 2651 meglio·
714 2581 760 2627 ne
781 2559 891 2628 oredo
913 2559 979 2628 clte
1004 2555 1184 2628 Strabone·
1204 2553 1381 2625 horebbe

252 2659 440 2752 insegnnto
471 2657 497 2727 ὰ
523 2661 582 2730 noi
605 2667 729 2766 presto
754 2659 912 2728 dcttrinu
938 2654 966 2728 s’
989 2659 1069 2751 egli
1092 2659 1213 2752 primo
1237 2658 1278 2726 di
1302 2657 1362 2725 noi

117 2752 120 2763 ¹
251 2782 321 2830 non
342 2757 365 2830 l’
383 2760 532 2830 necesse
552 2761 736 2855 imperata
755 2761 856 2831 dalle
867 2759 1031 2832 scritture
1044 2760 1084 2832 di
1099 2759 1239 2832 Proeto.
1262 2758 1361 2828 Haec

252 2862 470 2950 Marafiotus,
496 2863 554 2952 qui
576 2864 667 2934 unde
686 2863 842 2956 ignotum
866 2863 975 2936 doctis
991 2863 1106 2934 Procli
1125 2863 1249 2930 librum
1264 2883 1360 2930 ccm-

252 2975 436 3052 memoret,
476 2966 645 3052 laetabor,
683 2967 712 3035 si
741 2967 814 3056 quis
846 2965 932 3036 mihi
966 2965 1203 3040 monstraverit
1267 2962 1360 3031 Illud

236 3069 340 3152 scic,
375 3067 421 3139 de
440 3068 640 3160 Proserpina
663 3069 847 3162 Hermippi
880 3069 905 3137 f.
932 3092 1035 3160 qnam
1066 3069 1189 3151 Pluto,
1222 3074 1360 3158 patruus

254 3171 345 3259 eius,
378 3173 489 3263 pirata
511 3171 643 3243 Siculus
670 3173 836 3264 rapuerit,
867 3172 969 3242 etiam
998 3172 1234 3263 compilatores
1254 3190 1359 3257 quos·-

253 3274 335 3343 dam
362 3275 548 3344 lexieorum
577 3275 890 3369 geograplriccrnm
918 3276 954 3343 in
979 3275 1113 3343 nomine
1149 3271 1235 3340 Vibo
1263 3293 1360 3338 men·

252 3378 379 3447 tionem
391 3403 393 3408 ·
406 3378 556 3452 iniicere}
602 3378 673 3448 Sed
696 3388 839 3470 apparet
856 3387 969 3446 tamen
988 3400 1030 3445 ex
1045 3376 1098 3443 his
1112 3374 1281 3458 omnibns,
1305 3395 1360 3440 sa-

253 3482 294 3549 tis
322 3481 503 3550 commode
527 3481 562 3549 in
585 3479 741 3551 Orestem
769 3478 935 3569 quadrare
979 3488 1014 3546 et
1038 3471 1177 3574 tcurooi
1205 3476 1284 3562 illa,
1326 3484 1361 3543 et

252 3583 447 3676 Rhegium,
478 3585 602 3674 quique
622 3583 808 3654 circa·sunt
832 3582 920 3667 loci,
952 3581 1134 3670 inquibus
1162 3587 1359 3670 corruptum

253 3705 377 3756 nomen
395 3685 556 3783 Ξιφίρου
580 3680 689 3782 λιμήν
707 3688 784 3756 satis
801 3685 960 3779 singulari
980 3686 1108 3753 ratione
1125 3683 1170 3750 ad
1183 3704 1360 3752 conserva·

147 3858 149 3870 1
253 3797 327 3856 turn
356 3791 390 3858 in
416 3790 477 3857 ista
503 3789 644 3880 regione
673 3814 786 3858 ensem
809 3788 935 3858 Orestis
960 3788 1113 3856 alludere
1143 3786 1291 3870 videtur,
1321 3792 1360 3852 nt

255 3890 428 3982 suspiceris
449 3891 608 3960 eumdem
636 3913 708 3960 esse
733 3901 888 3982 portum,
927 3912 1029 3978 quem
1056 3889 1112 3956 alii
1143 3886 1268 3956 Orestis
1298 3905 1361 3955 vo-

255 4001 340 4063 cant
391 3993 545 4084 Denique
568 3995 617 4065 sic
635 3994 737 4062 etiam
766 3992 896 4062 Lichae
921 3991 1065 4058 tumulus
1095 3989 1278 4058 offensione
1301 4012 1361 4057 ca-

255 4095 356 4181 rebit,
394 4095 603 4186 Euboeaque
640 4119 661 4164 a
701 4095 835 4166 Glauco
876 4103 1137 4188 commemorata
1178 4091 1359 4183 putabitur,

256 4198 340 4266 alios
360 4195 576 4288 praedicente
597 4220 724 4268 errores
740 4197 886 4283 Orestis,
911 4219 1013 4285 quem
1032 4219 1101 4264 non
1121 4195 1226 4265 modo
1247 4195 1359 4262 Brau-

255 4323 372 4373 ronem
396 4300 431 4368 in
454 4301 566 4372 Attica
598 4304 794 4394 deportasse
824 4300 951 4371 Dianae
977 4301 1195 4382 xs'unnlocrnm
1221 4295 1360 4386 quidam
