3058 5046
233 385 242 402 ¹
273 355 338 422 m
490 348 704 414 cuusvnl
732 347 894 416 Novas
919 347 1166 414 uolrlouls

196 589 199 594 .
271 528 364 594 recte
387 519 524 612 linguae
544 518 681 591 scientia
703 520 868 612 appellari
886 531 1004 611 queatz
1029 521 1148 611 ¹altera
1175 517 1263 587 enim
1295 539 1386 609 pars,

246 631 383 714 eoaque
403 645 471 691 non
492 621 599 692 minus
619 624 819 709 necessaria,
850 625 955 693 immo
971 624 1140 714 aliquanto
1161 623 1262 690 etiarn
1282 643 1386 712 prac-

271 727 438 811 stabilior,
462 727 497 797 in
517 747 560 794 eo
581 726 690 818 posita
702 736 769 810 est,
795 735 832 795 ut
855 729 929 817 quis
945 728 1119 820 ingenium
1133 725 1269 816 linguae
1290 723 1386 814 quasi

270 829 459 915 imbiberit,
501 828 663 919 illamque
693 851 771 902 curn
809 853 849 898 ea
880 829 1139 898 familiaritatem
1172 828 1384 914 contraxerit,

270 955 359 1024 quae
385 953 463 1002 eum
483 919 583 1002 etiam
608 933 677 1000 sine
701 933 861 1022 exemplis
885 934 998 1002 statim
1017 955 1116 1002 sensu
1135 931 1304 1022 quodam,
1328 952 1385 998 re-

270 1046 368 1108 ctene
381 1057 424 1104 an
438 1048 533 1106 secus
546 1033 674 1126 aliquid
693 1034 842 1123 dicatur,
868 1035 1057 1106 admoneat
1108 1037 1198 1104 Nam
1210 1055 1298 1124 quae
1310 1041 1385 1101 tan·

271 1138 352 1208 den'r
367 1137 456 1208 baec
475 1137 611 1207 seientia
631 1138 740 1223 foret,
773 1159 861 1229 quae
887 1139 922 1207 in
941 1139 1103 1231 exemplis
1122 1147 1251 1208 tantum
1274 1137 1385 1207 consi-

270 1250 376 1327 stens,
401 1241 526 1330 siquid
541 1251 677 1332 praeter
698 1241 759 1309 illa
773 1242 930 1333 exempla
952 1251 1159 1326 occurreret,
1183 1240 1222 1311 id
1244 1237 1387 1309 nesciret

269 1354 383 1416 utrum
406 1344 638 1434 probandum,
664 1367 706 1412 an
727 1344 989 1436 improbandum
1010 1345 1116 1416 esset?
1146 1345 1257 1414 Immo
1279 1343 1306 1410 is
1321 1342 1387 1410 de-

269 1470 362 1518 mum
384 1468 464 1515 vere
485 1446 553 1531 dici
573 1456 686 1541 potest
701 1449 851 1540 linguam
866 1449 1014 1538 aliquam
1033 1448 1208 1533 didicisse,
1234 1446 1292 1537 qui
1317 1467 1385 1513 non

269 1549 378 1618 minus
397 1571 497 1640 qnam
518 1551 553 1618 in
577 1575 633 1636 ea,
666 1572 753 1640 quae
774 1551 840 1642 ipsi
855 1552 1035 1622 vernacula
1054 1551 1171 1643 lingua
1191 1559 1256 1636 est,
1282 1549 1384 1618 etiarn

269 1654 340 1722 siue
352 1653 514 1742 exemplis
530 1656 658 1739 statim,
685 1653 769 1743 quid
781 1663 928 1739 rectum,
954 1654 1037 1744 quid
1050 1676 1192 1745 pravum
1208 1654 1265 1737 sit,
1291 1651 1386 1720 videt

270 1764 372 1846 atque
387 1755 557 1826 diiudicat.
608 1757 689 1826 Hoc
706 1779 788 1825 vero
810 1768 860 1826 est
880 1756 985 1844 illud,
1010 1757 1105 1848 quod
1122 1758 1158 1824 in
1171 1758 1216 1825 H
1231 1754 1385 1845 Stepha-

267 1879 315 1928 no
336 1880 473 1950 prorsus
496 1859 694 1928 admirabile
709 1859 1013 1951 deprehendimus:
1037 1861 1094 1950 qui
1117 1883 1157 1928 ca
1178 1883 1215 1928 re
1237 1858 1307 1927 dici
1329 1859 1386 1926 vix

268 1969 380 2055 potest
400 1983 502 2049 quarn
524 1961 631 2054 longe
653 1965 866 2031 anteverterit
887 1964 1086 2054 plerosque,
1111 1962 1169 2053 qui
1191 1971 1384 2054 paeleum,

268 2065 375 2134 multo
397 2062 683 2136 commodioribus
709 2067 761 2134 nsi
786 2067 1107 2158 opportunitatibus,
1146 2065 1201 2134 vix
1229 2064 1385 2133 diuturna

270 2167 476 2259 cogitatione
499 2167 537 2236 id
558 2169 724 2257 assequnti
744 2178 835 2256 sunt,
861 2170 955 2259 qnod
978 2171 1051 2260 ipse
1071 2170 1179 2236 multo
1195 2177 1273 2236 ante
1288 2167 1384 2256 quasi

267 2271 410 2340 naturali
430 2270 580 2360 quodam
593 2272 747 2342 instinctu
765 2283 978 2363 compertum
995 2272 1156 2340 habebat.
1207 2273 1281 2363 Nec
1298 2292 1384 2362 pro-

267 2374 380 2459 fecto,
414 2375 473 2464 qui
496 2365 676 2468 diligenter
698 2374 956 2446 consideraverit
977 2396 1112 2444 cursum
1132 2374 1248 2461 illum,
1282 2395 1383 2463 quem

267 2476 405 2569 linguae
430 2479 584 2548 Graecae
610 2479 748 2548 scientia
771 2503 877 2568 usque
906 2477 1063 2548 adhaec
1086 2487 1243 2569 tempora
1265 2476 1380 2560 tenuit,

268 2602 337 2648 non
359 2581 485 2670 poterit
506 2582 621 2665 lateri,
651 2583 712 2650 etsi
731 2592 845 2673 partes
864 2581 933 2652 eius
953 2581 1135 2650 nonnullae
1155 2580 1298 2648 subinde
1318 2579 1382 2647 ali-

268 2683 353 2772 quid
370 2683 564 2753 incrementi
580 2685 747 2774 ceperint,
773 2695 886 2754 tamen
909 2686 1096 2755 universam
1119 2675 1297 2776 paullatim
1318 2682 1383 2750 mi·

267 2807 344 2852 rum
358 2793 520 2873 quantum
538 2788 747 2855 imminutam
763 2812 850 2875 esse,
876 2789 1079 2879 usquedum
1097 2786 1280 2856 novissimis
1294 2796 1383 2856 tem-

267 2888 409 2980 poribus
432 2889 527 2976 quasi
551 2888 663 2956 denuc
686 2891 821 2979 revixit,
854 2902 889 2960 ct
910 2893 1092 2962 coniunctis
1114 2891 1293 2960 doctorum
1313 2887 1382 2956 ho-

268 2992 397 3061 minum
413 2990 529 3058 studiis
544 3013 587 3059 eo
603 2990 751 3062 adducta
765 3004 830 3080 est,
855 3003 894 3062 ut
911 2996 1035 3081 multa,
1062 3017 1147 3084 quae
1160 3015 1228 3060 non
1239 2992 1287 3059 ita
1305 2991 1381 3082 pri-

145 3095 152 3104 '
267 3094 462 3164 demetiam
484 3094 668 3164 doctissimi
684 3097 903 3188 ignorabant,
937 3099 1004 3166 iam
1031 3100 1144 3189 pueris
1167 3097 1294 3166 nescire
1316 3094 1381 3163 de·

174 3227 177 3234 s
267 3197 371 3266 decus
386 3198 561 3268 habeatur.
613 3199 769 3285 Quorum
787 3203 964 3288 nonnulla,
989 3225 1077 3292 qnae
1094 3199 1246 3292 diligenti
1259 3197 1381 3268 docto-

266 3323 343 3372 rum
357 3301 505 3370 virorum
522 3324 627 3393 opera
652 3301 746 3372 eruta
767 3315 862 3391 sunt,
885 3307 912 3374 si
928 3305 1029 3374 etiam
1044 3304 1238 3394 Stephanus
1252 3302 1388 3370 nescie-'
1517 3309 1518 3320 ¹

266 3406 343 3490 bat,
368 3425 437 3472 non
453 3404 540 3472 illud
563 3429 641 3474 sane
653 3407 774 3475 mirum
796 3417 861 3488 esta
893 3417 928 3477 at
954 3409 1118 3498 pleraque
1134 3417 1248 3474 tamen
1271 3405 1379 3489 illurn,

266 3531 355 3598 quae
374 3516 454 3600 post
478 3509 572 3596 qnasi
594 3506 707 3578 denuo
737 3522 872 3601 reperta
899 3523 990 3597 sunt,
1028 3511 1082 3580 vel
1106 3520 1190 3578 nota
1212 3509 1379 3591 habuisse,

127 3695 130 3708 1
265 3612 574 3698 animadvertimus,
614 3613 670 3682 vel
691 3612 855 3683 divinasse
879 3626 970 3684 certe
1000 3637 1097 3684 sensu
1121 3613 1290 3703 quodam,
1323 3609 1381 3699 qui

265 3715 300 3782 in
322 3737 364 3784 eo
386 3715 457 3784 viro
479 3727 550 3784 erat
569 3717 672 3806 plane
696 3718 843 3787 eximius.

368 3818 477 3886 Huius
496 3819 599 3911 igitur
615 3820 696 3886 tanti
716 3821 778 3888 viri
797 3823 991 3892 Thesaurus
1013 3820 1104 3888 hanc
1124 3813 1233 3887 habet
1252 3816 1380 3909 prima-

248 3919 350 3986 'riam
371 3921 524 4008 landem,
565 3922 660 4010 qnod
682 3922 717 3988 in
745 3945 787 3991 eo
812 3925 856 3994 de
883 3927 1091 4017 singulorum
1118 3925 1300 3992 verborum
1320 3941 1381 3987 usu

266 4021 431 4111 variisque
455 4027 677 4115 potestatibus
699 4034 733 4093 et
754 4026 946 4119 diligentius
969 4038 1037 4112 cst,
1063 4049 1166 4116 quam
1187 4025 1221 4096 iu
1243 4022 1382 4105 cacteris

202 4151 206 4160 ’
265 4123 382 4194 lexicis
400 4127 569 4215 omnibus,
599 4137 634 4198 et
652 4133 855 4222 accuratius,
881 4154 992 4222 eoque
1013 4153 1091 4200 cum
1112 4133 1380 4219 temperamento

267 4226 485 4318 explicatum,
511 4241 550 4300 ut
567 4253 678 4322 neque
702 4237 887 4306 neccssaria
917 4233 1167 4322 omitterentur,
1191 4253 1301 4322 neque
1318 4253 1380 4301 cu·

265 4332 472 4404 mulctentur
496 4355 753 4425 supervacanea
