3120 5030
571 324 899 387 nissunrlr‘lo.
1252 329 1294 390 'tl

186 499 294 582 hoen,
321 497 427 589 atqua
449 497 520 564 istu
533 505 716 588 prostant,
749 490 815 578 τοῖς
842 491 879 570 δ’
902 489 1066 592 Ἀθήνας
1079 493 1139 568 ναὶ
1154 490 1296 578 Aonios

185 603 373 694 λέγὲοθαι·
398 599 875 691 primitussoneaoripaerut
895 598 1185 669 Grammaticus
1207 592 1296 672 anri·

185 729 251 782 νας
266 695 332 781 ταῖς
351 694 514 796 Ἀθήνας
537 701 596 774 καὶ
609 695 750 782 Aedone
770 702 942 793 λέγεσθαι
951 695 1137 790 »Αἰσχύλος
1148 725 1296 797 μαρτυ-

184 810 250 898 ρεῖ.
306 803 460 898 Quando
479 811 596 873 ααιοιιι
611 802 820 895 Stephanus,
844 810 1009 894 οοφιιυιιο
1025 803 1227 872 Strabonem
1248 803 1296 873 Χ.

178 905 320 998 ρ..684
341 906 385 974 A.
437 908 531 978 Δῖον
547 906 671 975 urbem
680 905 800 998 scisse
819 903 942 974 scribit
960 903 1131 974 Euboeae
1150 903 1233 1000 noos
1248 931 1293 978 το

184 1003 369 1102 Κήναιον,
405 1030 431 1074 α
459 1030 531 1098 quo
549 1031 667 1102 prope
689 1007 914 1101 ubfimiot(
921 1001 1012 1104 πρός
1039 1001 1156 1103 ταύτῃ
1181 1003 1305 1105 ἦσαν)

129 1128 138 1146 ”
186 1105 326 1189 Azotos
352 1106 510 1206 Αυηναι
541 1104 780 1203 καλούμεναι,
812 1112 973 1203 auspicor
1000 1109 1173 1202 equideoa
1211 1131 1335 1201 quoa

185 1211 313 1282 eudem
333 1197 487 1280 laudm
486 1235 506 1281 e
533 1211 744 1306 Thugoedio
769 1212 894 1281 Strabo
921 1235 962 1306 p.
986 1210 1073 1281 686.
1097 1212 1145 1286 A.
1174 1219 1319 1290 matta

186 1314 346 1404 Aeschyli
364 1335 480 1384 veram
473 1316 608 1428 poulo
628 1324 710 1386 ante
731 1315 917 1386 emendato
931 1313 1145 1408 iungendos:

286 1481 455 1578 Εὐβοῖδα
479 1511 645 1607 ιιαμπηυ,
662 1483 767 1607 α’μφι
759 1481 961 1576 Κηναίου
971 1477 1063 1566 Διος

183 1607 185 1614 ’
289 1579 446 1684 'Ancum
472 1615 540 1662 ιιατ
580 1615 693 1664 αυνου
714 1582 1002 1689 τύμβονιὶθλίου
1022 1584 1135 1678 Λίχα

187 1756 298 1826 Docta
317 1752 407 1826 haec
430 1758 633 1826 summivm
594 1756 848 1843 ”adnotatio‚
873 1754 1031 1848 neglecta
1047 1756 1107 1823 illa
1129 1779 1150 1823 a
1170 1752 1298 1822 Buhlio

188 1859 224 1926 in
245 1859 342 1928 Arati
357 1857 426 1928 vol.
440 1860 485 1933 ll
508 1883 545 1950 p.
569 1859 656 1928 470.
681 1861 755 1930 solo
768 1859 895 1929 infelici
908 1859 972 1926 isto
987 1851 1218 1955 nnoounaooin
1234 1857 1298 1926 de·

184 1961 359 2035 formatur
410 1961 561 2032 Tametsi
585 1963 658 2052 quis
680 1963 815 2048 eredat,
846 1961 941 2052 quod
960 1962 1066 2052 quivis
1086 1958 1343 2054 Aeschylum

185 2065 354 2156 scripsisse
372 2063 503 2150 videat,
529 2065 765 2164 παρειπιρῶν
785 2065 844 2155 *]‚
869 2063 1128 2134 Valckenarium
1152 2061 1295 2153 effugis-

183 2165 244 2234 se?
272 2164 344 2235 Sed
359 2167 419 2235 ille
430 2167 614 2249 interdum
639 2189 682 2235 ne
695 2169 772 2235 trita
787 2165 921 2237 incedat
942 2166 1012 2251 via,
1038 2166 1073 2233 iu
1088 2165 1162 2234 avia
1180 2163 1295 2232 deser·-

182 2277 247 2343 tur
298 2267 449 2336 lstivero
468 2291 597 2355 versus,
621 2269 657 2335 in
672 2269 792 2358 qmbus
804 2267 934 2337 Lichae
955 2269 1103 2336 tumulus
1126 2288 1295 2334 memora-

181 2380 256 2453 tur,
281 2380 434 2453 mouent,
458 2379 497 2437 ut
523 2371 731 2462 dubitemus,
756 2389 799 2436 au
819 2369 865 2436 de
886 2368 953 2436 alio
971 2370 1100 2459 potius,
1132 2367 1295 2456 quamde

181 2471 335 2540 Hercule
352 2472 387 2538 in
411 2471 545 2540 Glauco
563 2471 685 2540 Pontio
701 2471 809 2561 egerit
827 2468 1027 2560 Aeschylus.
1078 2471 1166 2539 Nam
1190 2480 1295 2558 quum

181 2573 328 2643 Licham
357 2573 521 2642 Hercules
551 2574 686 2641 iamiam
716 2571 818 2639 morti
843 2575 1053 2665 propinquus
1081 2570 1293 2662 interemerit,

184 2677 257 2767 ipse
281 2675 418 2765 quidem
443 2676 498 2744 vix
524 2677 635 2768 potuit
662 2673 792 2744 Lichae
818 2675 987 2744 tumulum
1010 2696 1293 2744 commemorare:

185 2803 267 2863 uec,
293 2779 321 2846 si
340 2778 463 2846 Glauci
485 2779 620 2847 fuerunt
637 2777 676 2846 hi
692 2800 825 2862 versus,
850 2776 895 2846 de
916 2777 1068 2848 Hercule
1081 2778 1141 2848 ille
1165 2778 1213 2848 sic
1236 2778 1293 2846 lo-

183 2891 304 2971 quutus
332 2880 508 2956 videbitur.
566 2883 679 2967 Quare
706 2880 908 2966 videndum,
945 2905 989 2950 ne
1021 2902 1090 2949 uon
1115 2880 1292 2965 Hercules,
1300 2888 1343 2950 14

183 2983 243 3052 sed
260 2982 396 3052 Orestes
416 2983 459 3051 sit
473 2985 511 3069 is,
538 2985 593 3056 cui
610 2984 680 3052 fata
695 2991 869 3054 canentem
887 2979 1055 3055 Glaucum
1069 2992 1173 3074 poeta
1187 2983 1294 3074 iutro-

183 3086 323 3155 duxerit.
373 3086 414 3153 lu
430 3085 522 3155 hunc
541 3089 631 3155 enim
646 3086 741 3154 haud
763 3083 952 3171 difficilius,
977 3109 1079 3176 quam
1099 3087 1135 3151 iu
1158 3085 1294 3154 Hercu-

183 3189 270 3274 lem,
295 3189 502 3279 fragmenta‚
528 3211 616 3277 quae
628 3188 815 3273 attulimus,
840 3187 1016 3276 quadrant.
1067 3187 1147 3272 Quo
1160 3187 1294 3256 brevius

184 3290 254 3362 hoc
275 3290 467 3377 ostendam,
504 3292 577 3383 ipsa
599 3301 774 3377 auctorum
795 3291 900 3363 verba
923 3289 1074 3360 afferam.
1140 3289 1295 3379 Scriptor

186 3393 260 3462 de
249 3394 437 3463 inventione
459 3395 712 3480 bucolicorum,
750 3391 938 3462 Theocrito
967 3394 1136 3485 praemitti
1163 3393 1294 3460 solitus.

184 3492 339 3618 Ὀρέστῃ
358 3520 436 3592 γαρ
466 3495 687 3588 senonicam
710 3522 755 3568 το
751 3521 846 3613 της
866 3491 1083 3592 Ἀρτέμιδος
1104 3487 1233 3576 ξόανον
1254 3495 1293 3564 εἰι
1397 3505 1399 3512 ’

190 3590 344 3694 Ταύρων
365 3597 429 3693 τῆς
444 3596 608 3679 Σκυθίας
621 3589 777 3712 χρησμός
798 3595 979 3684 ἐξέπεσεν,
1006 3599 1044 3668 ἐν
1064 3587 1158 3668 inan
1171 3619 1293 3668 ποτα-

187 3706 270 3790 μοῖς
291 3703 327 3771 ἐν
347 3699 433 3788 μιᾶς
448 3693 558 3795 πηγῆς
579 3701 723 3796 ῥέουσιν
747 3690 1041 3776 α’νιολουοασθαι·
1068 3724 1088 3770 o
1080 3695 1148 3768 ‘ot
1163 3719 1293 3794 πορευ-

183 3800 263 3880 θεὶς
281 3803 330 3881 εἰς
341 3793 491 3893 Ρήγιον
505 3801 568 3926 τῆς
582 3797 756 3879 ’'‚Irnlroc
783 3823 827 3871 νο
845 3795 930 3892 ἄγοι
943 3793 1146 3894 &nantuaco
1165 3823 1203 3870 ιν
1217 3802 1293 3878 τοῖς

184 3904 388 3998 λεγομένοις
414 3895 622 4002 διαχῶροις
629 3905 826 3994 ποταμοῖς·
867 3901 992 3975 ἔπειτα
1017 3905 1066 3982 εἰς
1089 3901 1334 3996 Τυνδαρίδα

182 4209 258 4353 Vs)
283 4207 327 4267 ¹¹³
346 4187 406 4360 {2¹¹3
427 4205 608 4350 {caligarum
633 4205 806 4271 emendasse
822 4156 955 4287 comperi
976 4227 993 4269 a
1013 4201 1180 4269 Villaiaonii
1193 4177 1287 4286 Epist

210 4313 287 4354 rear.
310 4313 339 4374 p.
406 4337 413 4354 .
458 4334 467 4352 .
554 4311 558 4318 ·
