3080 5054
275 334 341 400 εει
411 311 424 328 ’
548 325 1186 426 nnuvs1srnvvmr1pvs.

276 499 473 599 κάμπτειν,
508 509 542 571 et
560 502 667 572 simile
689 503 815 572 nornen
829 493 998 598 Κηφεύς,
1031 502 1128 592 qood
1151 501 1233 573 alibi
1252 525 1275 572 a
1294 499 1392 575 nobis

276 608 396 679 Latine
408 605 547 676 Flexius
562 605 690 674 dictum
712 614 771 675 ast
822 603 954 674 Iudicat
970 612 1101 692 autern,
1127 605 1268 676 sirecte
1288 606 1393 676 inter-

274 717 450 804 pretamur
468 707 605 778 Eu'meli
625 709 796 794 fabulam,
829 715 1005 792 torrentes,
1037 710 1095 800 qui
1116 709 1299 798 liquefacta
1316 711 1393 782 nive

274 813 430 883 tortuosis
463 811 603 880 flexibus
625 835 691 904 per
713 811 857 881 declivia
883 810 1044 882 feruntur.
1105 813 1162 882 Ab
1188 813 1307 882 iisdem
1329 815 1393 883 lle-

277 918 372 988 xibus
387 915 487 987 etiam
510 916 628 983 fluvius
647 914 829 1008 Cephissus
844 911 953 983 dictos
970 922 1037 1000 est,
1063 915 1192 1007 dequo
1213 916 1261 986 sie
1278 909 1393 988 scribit

231 1019 403 1092 llStrabo
430 1019 490 1091 lX.
518 1042 555 1110 p.
579 1015 666 1087 649.
698 1015 839 1108 (mla
878 1017 939 1090 ναὶ
958 1014 1132 1103 Ἠσίοδος
1148 1053 1151 1060 ’
1165 1015 1201 1092 (λ’
1224 1022 1393 1094 ἐπιπλέοι

275 1120 452 1222 περὶτοῦ
476 1119 649 1213 ποταμοῦ
673 1121 769 1213 λέγει
791 1117 850 1192 uui
870 1120 936 1215 τῆς
965 1113 1116 1216 ῥύσεως,
1157 1118 1202 1205 οἱς
1227 1117 1281 1196 δι’
1313 1121 1394 1222 ὅλης

277 1227 357 1324 ῥέοι
377 1223 440 1314 τῆς
455 1222 615 1305 Φωκίδος
635 1222 783 1305 σκολιοῖς
806 1221 866 1294 ναὶ
885 1222 1183 1321 δραιοντοειιλνῖς·

485 1471 524 1561 ὃς
539 1472 640 1575 νεαροὶ
661 1473 857 1551 aaronica
876 1470 1051 1573 Γλήνωνοί
1071 1473 1112 1550 τ’
1132 1455 1301 1576 ε’ρνμνήν,

353 1577 415 1656 ναὶ
432 1609 473 1656 τε
490 1581 530 1674 *J
553 1577 604 1655 δι’
624 1575 852 1681 Ὀρχομενοῦ
867 1581 1064 1676 εἱλιγμένος
1088 1578 1159 1655 εἶσι
1183 1576 1323 1682 δράκον
1339 1579 1395 1666 ὥς.

276 1840 395 1909 Altera
407 1836 520 1923 Musa,
544 1835 807 1922 utconiecimus‚
831 1831 1003 1926 Ἀχελωῒς
1014 1837 1187 1927 appellata
1202 1837 1276 1926 fuit,
1300 1837 1397 1928 quod

125 1929 135 1942 ’
167 2013 170 2028 ,
277 1964 402 2010 nomen
417 1949 600 2030 cognatum
614 1949 663 2008 est
676 1962 754 2008 cum
769 1939 942 2008 vocabulis
958 1941 1059 2029 χέλυς
1073 1949 1108 2008 et
1129 1935 1284 2038 χελώνης
1308 1963 1396 2030 qnae

277 2067 383 2134 quum
399 2053 518 2112 testam
535 2042 739 2134 significent,
765 2041 907 2112 indicari
923 2043 982 2110 illo
998 2045 1134 2112 nomine
1153 2043 1287 2113 videtur
1307 2067 1396 2134 aqna

276 2148 374 2233 viva,
398 2169 487 2236 quae
508 2145 548 2212 lit
568 2147 677 2214 soluto
699 2144 849 2237 tegmine
872 2146 1005 2238 glaciei.
1055 2147 1170 2236 Atque
1192 2146 1274 2232 hinc
1294 2148 1396 2216 intel-

276 2251 395 2344 ligitur
417 2249 532 2342 etiam‚
559 2249 617 2337 qui
635 2250 763 2322 factum
785 2249 843 2334 sit,
869 2258 907 2317 ut
929 2245 1106 2344 Ἀχελῷος
1125 2250 1231 2341 apud,
1244 2251 1397 2321 Graecos

277 2353 324 2423 de
337 2353 432 2422 omni
452 2352 631 2420 fluviorum
649 2361 685 2420 et
707 2351 853 2420 fontium
877 2374 965 2441 aqua
987 2351 1056 2422 dici
1078 2345 1200 2421 soleat:
1232 2354 1325 2444 cuius
1346 2354 1396 2446 rei

278 2457 338 2547 qui
359 2455 450 2524 hane
471 2457 636 2524 rationem
654 2455 817 2540 reddunt,
849 2455 945 2544 quod
974 2464 1049 2524 ante
1072 2457 1153 2524 alios
1177 2456 1314 2548 insignis
1336 2457 1395 2530 hic

277 2559 397 2628 fluvius
417 2559 478 2643 sit,
512 2559 578 2648 ipsi
598 2559 765 2626 fateantur
783 2580 919 2628 necesse
939 2567 1006 2646 est,
1041 2568 1142 2648 aptae
1164 2560 1395 2650 explicationis
1510 2561 1511 2566 ’

278 2661 516 2753 desperatione
539 2661 610 2729 hoc
636 2658 865 2730 commentum
886 2661 949 2730 sibi
974 2671 1139 2742 extentum
1161 2685 1240 2730 esse.
1293 2663 1397 2734 Multi

279 2765 368 2834 eninr
399 2773 474 2834 aunt
501 2765 558 2832 alii
587 2764 695 2856 longe
718 2765 862 2834 maiores
890 2773 993 2853 atque
1016 2764 1210 2833 illustriores
1224 2766 1343 2854 ilarii,
1376 2790 1397 2835 a

230 2919 238 2934 .
277 2869 401 2958 quibus
428 2889 533 2956 aqua,
564 2866 591 2932 si
614 2867 748 2938 claritas
769 2866 946 2934 fluviorum
969 2866 1180 2958 respicienda
1201 2877 1306 2953 esset,
1333 2893 1398 2964 ap-

278 2971 402 3064 pellari
416 2969 586 3062 potuisset.
637 2968 684 3037 Et
704 2967 760 3034 vel
778 2967 827 3035 sic
848 2967 1013 3035 eiusmodi
1030 2969 1215 3059 appellatio
1236 2991 1306 3036 non
1330 2973 1398 3040 mi-

278 3098 341 3144 nus
355 3075 471 3160 fuisset
483 3072 614 3162 inepta,
640 3069 785 3159 quamsi
804 3069 893 3159 quir,
918 3069 1013 3159 quod
1029 3070 1116 3138 inter
1132 3069 1287 3142 homines
1303 3073 1398 3145 Her-

162 3171 168 3176 *
280 3179 372 3248 cules
387 3175 616 3258 excelluisset,
642 3173 792 3262 quemvis
807 3173 981 3242 hominem
993 3173 1178 3244 Herculem
1196 3174 1311 3246 dicere
1323 3180 1398 3248 vel-

280 3280 338 3350 let.
389 3278 542 3367 Denique
562 3277 661 3345 tertia
681 3278 783 3345 Musa
801 3276 828 3344 si
849 3275 1077 3374 Βορυσθενὶς
1097 3278 1141 3346 ab
1162 3278 1309 3348 Eumelo
1333 3306 1397 3352 vo-

262 3393 358 3454 vcata
378 3390 446 3467 est,
473 3381 526 3450 vix
541 3387 627 3470 puto
650 3378 795 3448 dubitari
816 3402 933 3470 posse,
966 3380 1144 3470 quirine,
1169 3390 1207 3449 ut
1221 3383 1398 3474 impetum

281 3508 445 3576 aquarum
466 3505 606 3574 magnas
629 3482 753 3575 glaciei
784 3483 892 3552 moles
920 3504 1047 3554 secum.
1061 3483 1283 3554 auferentium
1309 3489 1398 3558 indi-

280 3598 390 3674 caret,
421 3587 468 3656 ad
493 3586 782 3676 comparationem
812 3587 1019 3676 reliquorum
1049 3585 1194 3656 duorum
1222 3591 1395 3662 nominum

281 3716 359 3764 eum
378 3689 562 3782 respexerit
580 3689 738 3789 fluvium,
770 3688 864 3758 cuins
886 3711 1010 3758 nomen
1032 3687 1114 3758 huic
1133 3692 1183 3758 rei
1204 3692 1398 3783 significan-

282 3795 349 3864 dae
378 3792 762 3866 accommodatissimum
792 3790 980 3880 rideretur,
1020 3814 1124 3881 quum
1153 3792 1191 3861 id
1220 3817 1315 3866 more
1343 3822 1397 3886 eo,

283 4019 491 4036 Ἀ

244 4201 245 4204 ,
326 4142 355 4232 *)
376 4149 443 4210 Non
463 4152 606 4216 debebam
623 4154 783 4217 admittere
802 4153 881 4216 lianc
896 4155 1030 4219 virorum
1053 4159 1213 4220 doctorum
1234 4157 1400 4220 correctio-

283 4253 361 4297 nem.
392 4235 516 4298 Rectius
531 4241 615 4320 apud
633 4241 809 4304 Strabonem
825 4243 937 4322 legitur
952 4243 1004 4308 καλ
1018 4243 1060 4309 δέ.
1094 4245 1282 4327 Quamquam
1299 4243 1399 4310 nascio

285 4339 324 4380 an
344 4330 487 4418 praestat!
500 4318 565 4406 ἠδέ.
1177 4363 1179 4370 ·
