3078 5026
246 355 309 418 ιιι
563 353 636 418 on
682 333 1017 454 rn'sosrrr

186 525 195 540 '
246 525 459 598 doiommet
479 547 616 618 recepe
639 525 1121 618 nemorumnemorum
1140 523 1368 596 ιιιιιιὶιιιοιι-

245 631 389 716 rodone,
441 651 484 698 sc·
498 628 648 721 prodere
685 630 873 720 oportebat
929 627 1048 726 'Quod
1074 629 1213 720 egregie
1239 627 1357 698 videos

244 742 368 826 poeta,
392 732 440 802 itc
453 733 618 822 reliquam
634 741 768 824 partem
787 729 984 824 tragoediae
999 731 1154 816 instituit,
1180 739 1227 815 ut,
1250 753 1358 821 quum

245 837 419 922 Atossam,
441 835 807 928 biu'megismisemm
825 833 976 908 habitum
993 835 1098 928 digno
1119 833 1241 912 uestitu
1259 855 1358 904 oom-

245 948 447 1010 mutaturam
469 956 491 1006 a
514 961 614 1008 scena
636 938 848 1021 removisset,
883 936 1028 1008 cbomm
1050 934 1358 1028 autempristinnm

245 1044 421 1112 Persarum
450 1040 563 1109 Dario.
577 1063 661 1132 rege
687 1040 884 1112 felicitatem
904 1042 1170 1132 potentiamque,
1183 1041 1359 1110 celebrere

245 1145 397 1230 fecisset,
422 1146 491 1212 iarn
517 1163 655 1222 omnem
679 1141 868 1212 effunderet
887 1143 997 1212 luctus
1019 1153 1053 1212 et
1074 1144 1359 1234 querimoniarum

246 1249 334 1333 vim,
362 1247 440 1338 ipso
459 1247 571 1318 Xerxe
584 1247 619 1314 in
633 1256 850 1338 conspectum
869 1246 1044 1317 adductos
1067 1267 1177 1338 qnenr.
1194 1255 1239 1316 ut.
1256 1253 1360 1340 caput

247 1350 407 1435 civitatis,
438 1359 473 1420 et
494 1359 667 1420 auctorem
689 1351 790 1418 totius
809 1349 910 1435 mali,
935 1350 1126 1440 ducemque
1146 1349 1300 1420 funmtao
1313 1350 1358 1420 ii-

246 1453 310 1542 lius
329 1453 567 1543 expeditionis,
607 1475 712 1542 quum
738 1452 922 1544 prudenter
941 1451 1024 1524 bnic
1044 1453 1184 1525 demum
1199 1453 1285 1534 loeo
1301 1475 1360 1522 re·

247 1557 405 1642 servavit,
445 1565 518 1624 tum
546 1555 721 1640 roboro,
763 1554 953 1626 admirabili
978 1563 1243 1648 temperamento
1259 1557 1359 1648 ¹inter

247 1659 474 1728 acerbissimas
499 1659 771 1751 exprobrationes
798 1667 833 1728 et
860 1657 1011 1730 debitam
1031 1659 1109 1750 regi
1128 1660 1360 1750 reverentiam,

246 1762 293 1828 ita
316 1760 426 1854 excipi
442 1761 540 1846 fecit,
564 1762 712 1831 utnulla
736 1761 821 1852 tingi
841 1783 952 1852 neque
974 1762 1145 1832 crudelior
1165 1783 1280 1853 poena
1302 1783 1368 1832 su-·

209 1949 211 1960 A
246 1864 404 1957 perbire,
433 1886 543 1953 neque
564 1864 702 1958 gravior
729 1864 905 1934 confectae
928 1864 1050 1934 dolore
1077 1865 1361 1958 civitatisimago

232 1968 362 2059 possit.
411 1965 464 2034 lta
487 1988 592 2060 qaum
611 1967 705 2038 initio
727 1966 881 2052 effusius,
906 1965 1090 2059 deinceps,
1115 1978 1216 2040 arcto
1238 1971 1361 2040 sensim

244 2091 423 2154 memore,
453 2069 635 2156 concisius,
669 2069 778 2140 minus
802 2070 983 2159 minusque.
1017 2071 1101 2162 quid
1126 2071 1240 2143 dicant
1276 2093 1360 2164 snp-

246 2179 401 2266 petente,
437 2172 612 2267 lugentem
644 2172 799 2266 lugentes
828 2172 873 2244 ad
905 2175 1007 2246 aedes
1034 2175 1145 2267 regias
1175 2174 1360 2260 deducunt,

245 2285 317 2346 tem
349 2276 423 2344 dira
454 2277 623 2366 quaedam
652 2285 803 2346 remanet
833 2277 869 2346 iu
901 2277 1018 2350 atomis
1050 2287 1282 2370 spectatorum
1305 2279 1361 2352 inv.

245 2379 353 2450 felicis
384 2379 563 2472 superbiae
592 2381 739 2472 species,
778 2388 817 2448 ut
842 2402 932 2452 nuuc
957 2380 1096 2454 demum
1125 2381 1201 2472 ipso
1226 2403 1360 2476 poenae

246 2481 429 2574 adspectu,
455 2481 539 2574 qnid
560 2483 604 2552 sit
627 2483 731 2570 illud,
763 2491 891 2556 temere
916 2487 1160 2571 seseiactare,
1183 2486 1288 2577 plane
1307 2485 1369 2557 in-.

244 2585 411 2677 tdtigmt
713 2653 715 2660 ,
1201 2637 1209 2650 .
1245 2597 1249 2607 ’
1365 2648 1368 2658 .

349 2687 421 2757 Sed
446 2691 523 2758 satis
546 2689 675 2760 dictum
700 2688 745 2757 de
771 2687 970 2758 inventione.
1021 2686 1207 2776 Reliquum
1231 2695 1297 2773 est,
1321 2697 1364 2760 ut

209 2851 212 2860 ι
247 2790 365 2884 paucis
382 2792 492 2862 'etiam
514 2793 559 2862 de
585 2793 733 2864 dictione
758 2791 953 2884 explicetur.
1005 2790 1103 2877 Quae
1134 2792 1194 2860 etsi
1219 2792 1265 2860 in.
1284 2791 1364 2862 uoi-

200 2898 382 2962 ldrersum
402 2917 472 2964 noo
491 2896 558 2962 alia
578 2903 645 2979 est,
679 2917 782 2984 quam
812 2896 851 2962 in
874 2894 1011 2984 reliquis
1034 2892 1198 2985 Aeschyli
1220 2905 1366 2988 tragoe-⁴

245 2997 329 3084 diis,
360 3004 475 3068 tamen
508 3006 543 3066 et
574 2996 645 3067 hoc
676 2998 805 3088 ipsum,
839 3005 1101 3087 etqnae1sunt
1134 2998 1219 3086 aba,
1253 2998 1366 3092 digna

244 3109 329 3187 srmt,
354 3123 444 3188 quae
459 3101 653 3194 diligentius
669 3099 933 3172 considerentur
976 3100 1114 3172 Etenim
1129 3125 1236 3192 quum
1249 3101 1362 3193 Grae-

163 3261 167 3276 .
244 3223 304 3274 eos
329 3226 418 3289 esse,
443 3205 565 3294 quibus
590 3203 680 3276 haec
703 3204 831 3274 fabola.
845 3207 1064 3291 scriberetur,
1097 3207 1215 3300 Persas
1236 3214 1362 3291 autem,

244 3306 305 3395 qui
325 3303 368 3372 in
387 3329 427 3374 ea
451 3307 759 3393 introducerentur,
790 3317 964 3399 reputaret
987 3318 1108 3399 poeta,
1137 3309 1183 3378 ite
1206 3308 1301 3376 issam
1325 3317 1364 3378 et

243 3408 456 3500 ingeniorum
481 3420 516 3479 et
539 3421 673 3480 morum
698 3410 923 3480 diversitatem
948 3409 1163 3502 temperavit,
1189 3417 1227 3480 ut
1249 3433 1365 3504 neque

245 3511 436 3608 offenderet
465 3522 672 3606 spectatores
702 3513 941 3607 peregrinitas,
974 3535 1086 3602 neque
1111 3533 1186 3584 noo
1214 3513 1284 3606 agi*
1305 3538 1362 3587 res

244 3617 681 3710 aperegrinis·rideretrrr.
744 3617 785 3686 ln
815 3639 886 3707 quo
919 3639 1046 3709 genere
1078 3615 1185 3688 bodie
1216 3609 1364 3709 peccant

244 3721 413 3804 nonnulii,
446 3720 534 3809 qni,
554 3743 635 3811 quo.
657 3722 766 3813 magis
798 3729 950 3792 naturam
985 3729 1019 3792 et
1047 3720 1222 3794 veritatem
1248 3721 1361 3814 expri-

244 3843 339 3890 mere
363 3823 550 3908 rideantur,
575 3825 850 3916 peregrinitatem
875 3833 1017 3916 captant
1038 3823 1282 3896 studiosissime.
1313 3825 1364 3894 Aa

246 3923 341 3993 aliud
367 3935 434 4012 est,
459 3935 590 3996 vertere
614 3926 768 3996 fabulam
794 3950 835 3998 er
858 3930 1041 4020 peregrina
1064 3927 1194 4017 lingua,
1220 3925 1362 3998 abndin

245 4026 429 4098 domestica
479 4030 598 4099 fabula
644 4038 878 4124 argumentum
930 4028 1149 4121 peregrinum
1207 4038 1364 4102 bactue'

245 4129 344 4215 Quae
369 4133 459 4199 enim
483 4156 578 4202 verso
604 4144 680 4204 sunt
703 4155 746 4204 ex
769 4134 887 4225 lingm
910 4131 1112 4226 peregriua,
1128 4142 1185 4206 aut
1209 4134 1263 4206 sio,
1278 4133 1362 4204 scri·-

243 4241 324 4326 pta,
356 4241 529 4324 tamquam
553 4239 582 4306 si
607 4245 715 4308 essent
736 4259 851 4322 versa,
883 4254 1001 4310 eornm
1026 4238 1162 4308 virtutes
1185 4257 1362 4330 non.pos-.

228 4340 322 4408 'suut
350 4335 448 4408 aliter
477 4340 631 4433 percipi,
668 4359 772 4433 quarn
804 4341 960 4438 tri-suum
990 4340 1170 4438 ingenium.
1188 4349 1361 4434 spectator
