3058 5046
423 452 427 462 ‚
535 341 866 440 orssnn'nrrro.
1193 339 1275 444 aea.

134 542 221 635 qnid
245 565 381 634 quaque
408 545 444 614 in
464 565 503 614 re
522 551 659 632 verum,
692 553 827 639 aptam,
862 544 1045 633 decorum,
1080 557 1256 622 venustum

136 650 195 717 sit:
216 648 275 716 'cui
302 650 382 738 etsi,
407 654 446 717 ut
463 648 553 735 dixi,
578 649 780 718 nutrimenta
802 659 836 718 ct
858 649 986 720 cultum
1006 653 1148 741 praebet
1171 649 1257 724 anli-

134 751 270 841 quitatis
289 752 548 844 pervestigatio,
580 747 696 820 tamen
723 773 907 848 procreare
931 775 1026 838 eum,
1059 753 1164 824 sicui
1188 779 1257 828 non
1359 767 1368 788 ⁸

136 862 188 923 est
202 878 224 921 a
245 864 363 928 natura
375 853 490 941 datus,
514 851 583 922 non
604 862 727 946 potest.
777 856 840 926 Est
861 864 973 924 autem
994 865 1066 924 tam
1080 861 1257 950 praeclara

106 976 109 980 ·
135 955 226 1026 haec
242 967 343 1048 atque
360 958 481 1026 eximia
493 958 655 1044 facultas,
681 967 719 1027 ut
739 959 813 1027 sola
828 959 870 1027 sit
885 959 989 1049 illud,
1014 960 1108 1048 quod
1130 964 1259 1054 ingenii

134 1061 271 1130 nomine
300 1063 476 1154 appellare
498 1062 740 1134 consuevimus.
800 1063 878 1148 Qua
906 1063 966 1151 qui
992 1063 1138 1153 praediti
1171 1059 1257 1152 subt,

136 1164 287 1233 etiamsi
309 1175 443 1234 careant
466 1165 544 1253 illa,
571 1189 673 1256 quam
697 1165 806 1234 statim
823 1166 989 1251 dicemuS,
1014 1166 1130 1237 iudicii
1152 1169 1258 1237 subti-
1368 1209 1372 1222 ι

134 1267 248 1353 litate,
280 1277 392 1337 tamen
419 1291 522 1360 saepe
552 1269 747 1339 felicissime
777 1279 933 1338 exercent
961 1277 1068 1338 artem
1094 1272 1255 1359 criticam,

137 1381 304 1460 quatenus
323 1395 364 1440 en
381 1371 521 1461 quidem
541 1372 575 1440 in
590 1371 801 1442 coniectandi
820 1373 982 1441 facilitate
1004 1373 1168 1443 consistit:
1194 1375 1256 1445 sed

135 1475 232 1542 sires
247 1474 529 1544 demonstratione
549 1471 695 1568 indiget,
720 1498 833 1565 neque
853 1475 919 1567 ipsi
932 1475 996 1544 sibi
1012 1477 1158 1545 rationes
1175 1477 1256 1546 red-

136 1576 222 1646 dere
242 1587 400 1668 possunt,
433 1601 544 1669 neque
567 1579 651 1647 alios
672 1602 742 1669 quo
765 1578 810 1647 ad
833 1601 928 1648 snam
955 1579 1256 1672 sententiamper-

136 1679 280 1768 ducant,
306 1682 442 1750 habent.
476 1683 708 1768 Quamobrem
725 1683 823 1751 tertia
839 1681 1003 1753 accedere
1018 1675 1121 1752 debet
1135 1685 1279 1755 iudiciib
1302 1704 1305 1711 ’

136 1783 196 1852 vis'
209 1792 242 1852 et
260 1786 439 1871 subtilitas,
466 1787 695 1875 quaecaussis
716 1809 830 1855 rerum
851 1785 1108 1879 investigandis,
1146 1788 1256 1880 expliss

135 1887 317 1978 canusque
339 1890 541 1976 rationibus,
568 1900 601 1958 et
615 1889 792 1960 doctrinae
814 1900 848 1959 et
866 1890 975 1958 sensui
990 1891 1104 1958 lumen
1124 1890 1254 1986 afferat.

134 1991 251 2080 Atque
271 1993 370 2060 huius
397 1994 536 2063 demum
556 1996 704 2064 accessio
726 1995 827 2081 facit,
864 2003 903 2061 ut
929 1994 1002 2083 quis
1023 2016 1103 2062 vere
1132 1989 1256 2088 dignus

135 2093 369 2184 appellatione
395 2095 503 2166 critici
528 2097 655 2166 censeri
678 2099 800 2187 possit,
839 2118 910 2164 non
932 2119 1026 2166 secus
1054 2119 1095 2166 ac
1112 2099 1256 2166 militem

133 2201 365 2289 neque'arma
386 2197 529 2282 faciunt,
570 2220 634 2267 nec
664 2198 846 2281 fortitudo,
891 2200 919 2266 si
946 2198 1123 2288 disciplina
1153 2205 1256 2289 ntque

134 2297 329 2368 exercitatio
358 2300 451 2369 absit.
509 2301 572 2368 Est
595 2309 707 2370 autem
726 2301 816 2370 haec
840 2300 890 2367 nti
917 2299 1255 2392 praestantissimam

133 2401 253 2472 critico
275 2403 394 2492 virtus,
418 2405 468 2472 ita
485 2403 606 2472 eadem
629 2405 730 2472 etiam
745 2402 1041 2495 periculosissima,
1067 2425 1135 2471 non
1157 2403 1253 2493 qudd

94 2548 96 2551 .
134 2505 210 2595 quis
231 2489 368 2574 nimium
391 2506 521 2575 habere
536 2506 653 2576 iudicii
669 2517 785 2597 queat,
812 2505 873 2574 scd
895 2505 990 2595 quod
1004 2503 1096 2573 abuti
1114 2529 1155 2574 eo
1168 2507 1253 2599 prb-

134 2609 223 2678 clive
245 2617 304 2683 est.
357 2608 472 2694 Quum
491 2610 580 2679 enim
604 2611 662 2699 qui
686 2611 756 2680 acri
777 2609 903 2678 iudicio
929 2617 1022 2694 sunt,
1054 2609 1255 2701 plerumque

135 2711 308 2782 severiore
323 2713 452 2782 soleant
473 2722 507 2783 et
520 2713 701 2784 fervidiore
720 2713 857 2806 ingenio
873 2712 1020 2804 praediti
1043 2737 1129 2803 esse,
1155 2715 1255 2784 facile
1325 2720 1327 2724 '

137 2837 179 2884 eo
193 2817 418 2909 abripiuntur,
444 2827 481 2885 ut
497 2817 571 2884 sola
587 2818 703 2888 iudicii
719 2818 753 2886 vi
765 2817 876 2884 omnia
889 2817 1010 2908 perfici
1025 2839 1126 2908 posse
1142 2818 1255 2886 existi·

130 2926 247 3005 ment,
281 2929 381 3009 atque
407 2921 454 2987 ita
481 2920 587 2988 modo
611 2944 668 3006 ea,
701 2943 788 3010 quae
818 2919 980 2988 discendo
1003 2922 1164 3013 cognosci
1190 2922 1256 2989 de-

136 3022 236 3108 bent,
262 3025 458 3116 negligant,
483 3022 589 3092 modo
610 3047 742 3093 sensum
756 3023 1003 3092 admonitorem
1018 3047 1086 3091 non
1108 3022 1254 3092 audiant.

134 3127 215 3193 Non
237 3138 286 3194 est
311 3137 424 3195 autem
443 3128 640 3212 obscurum,
670 3151 735 3219 pro
760 3149 893 3209 rerum,
919 3148 1001 3213 quas
1027 3127 1101 3215 quis
1121 3134 1254 3212 tractet,

136 3226 345 3316 diversitate,
382 3229 461 3320 plus
484 3230 592 3297 minus
623 3251 701 3297 eum
717 3229 816 3314 =abuti
843 3227 968 3297 iudicio
992 3248 1103 3317 posse.
1169 3228 1256 3299 Sunt

136 3331 244 3416 enim,
269 3356 357 3422 quae
376 3333 474 3402 unice
490 3329 616 3400 iudicio
636 3354 723 3422 opus
742 3329 909 3398 habeant:
941 3331 975 3398 in
1003 3333 1124 3420 quibus
1143 3331 1253 3400 nullm

137 3443 187 3503 est
207 3436 330 3504 abusus
359 3435 484 3506 iudicii.
535 3435 639 3504 Aliud
663 3443 713 3505 est
737 3433 844 3519 enim,
882 3456 1075 3526 perperam,
1091 3436 1253 3520 iudicare,

136 3537 232 3628 quod
255 3547 367 3628 potest
392 3539 547 3610 accidere
576 3539 678 3607 ctiam
704 3559 773 3606 non
795 3538 945 3606 abutenti
969 3537 1113 3618 iudici03
1147 3537 1252 3623 aliud,
1377 3585 1378 3590 κ

133 3641 232 3709 abuti
251 3642 397 3728 iudicio,
423 3642 519 3732 quod
538 3642 652 3711 faeere
671 3647 784 3734 potest
805 3641 906 3709 etiam
918 3641 977 3728 qui
1000 3649 1092 3709 recte
1116 3640 1252 3710 iudicat

137 3746 224 3815 Sunt
244 3768 326 3814 vero
349 3747 467 3832 etiam,
493 3768 581 3835 quae
596 3744 846 3814 moderatorem
864 3742 981 3813 iudicii
1001 3732 1132 3811 sensum
1144 3743 1253 3830 illum,
1358 3745 1361 3756 '

137 3869 240 3938 quem
264 3848 423 3938 diximus,
448 3849 636 3938 requirant:
661 3849 696 3916 in
714 3870 784 3938 quo
799 3870 926 3942 genere
946 3847 1104 3939 proprius
1127 3856 1176 3916 est
1190 3849 1254 3916 iu-
1285 3913 1288 3920 .

138 3953 218 4022 dicii
240 3955 379 4042 abusus,
414 3954 556 4042 siquis,
587 3953 648 4021 ubi
668 3975 799 4023 sensum
828 3952 957 4020 consuli
978 3952 1176 4043 oportebat,
1208 3953 1252 4020 ab

132 4055 264 4124 'iudicio
296 4058 455 4125 auxilium
478 4065 583 4147 petat.
634 4057 689 4124 Ex
708 4057 769 4124 illo
798 4071 950 4150 genere,
982 4054 1077 4144 quod
1104 4053 1254 4146 primum

136 4161 254 4250 posui,
288 4181 342 4228 res
367 4168 442 4228 sunt
465 4159 662 4231 historicae:
700 4162 736 4228 in
765 4159 884 4247 quibus
908 4159 1193 4254 pervestigandis,
1225 4159 1255 4226 'si

137 4264 279 4332 materia
300 4263 406 4333 omnis
428 4271 590 4355 congesta
613 4270 679 4348 est,
704 4262 799 4331 nulla
812 4285 849 4331 re
868 4261 928 4329 nisi
942 4261 1069 4342 iudicio
1086 4287 1173 4356 opus
1193 4273 1251 4331 cst.

139 4365 258 4452 Quare
272 4367 355 4455 has,
386 4368 450 4457 qui
464 4367 577 4438 omnia
598 4365 644 4436 ad
664 4365 836 4441 indicandi
856 4367 1065 4440 severitatem
1084 4374 1254 4453 revocent,
