3058 5046
445 381 507 444 so
533 382 598 447 aa.
626 381 987 448 nmnnumnvu.
1214 369 1293 452 eoo
1350 469 1351 474 Ν

161 554 283 648 plique
306 562 451 648 epoeta
473 556 580 648 petiti.
629 555 803 627 confundi
829 563 942 626 autem
962 553 1143 626 Heliodori
1163 555 1279 628 Hero-
1410 592 1421 624 ι

162 659 304 750 dotique
331 661 468 728 nomina
497 661 573 729 satis
600 669 740 729 constat.
800 659 1015 751 Omninoque
1042 663 1279 753 grammaticus

159 764 222 832 iste
242 764 438 832 Herodotus
461 762 508 831 ita
530 762 616 833 mibi
640 773 813 856 suspectus
838 769 906 852 est,
940 773 979 835 ut
999 786 1118 834 verear
1140 789 1181 832 an
1201 789 1279 834 um·
1309 823 1310 828 ,

158 890 265 957 quam
285 868 373 936 ullus
395 867 504 936 fuerit

227 1163 230 1168 ,
264 1085 322 1160 Ad
338 1087 565 1181 Hipponactis
587 1089 778 1184 fragmenta
800 1089 895 1181 quod
911 1089 1043 1176 attinet,
1066 1087 1280 1182 perdifficilis
1419 1101 1422 1108 '

161 1193 353 1263 emendatio
376 1202 444 1278 est,
471 1194 552 1284 quia
575 1193 623 1262 sic
644 1204 695 1262 est
718 1194 893 1279 facienda,
918 1202 955 1262 ut
976 1194 1075 1263 simul
1098 1202 1131 1262 et
1156 1193 1281 1262 Helio-

160 1296 264 1365 dorus
291 1305 326 1365 et
347 1297 535 1388 Hipponax
559 1299 807 1367 excusationem
836 1297 972 1366 babeat
1029 1298 1076 1366 Et
1100 1296 1280 1389 deprimo

160 1400 300 1490 quidem
323 1423 436 1492 versu,

262 1527 378 1650 ’Epio
399 1545 470 1648 γοῖρ
487 1548 600 1626 οὕτω·
626 1546 808 1651 Κυλλήνιε
826 1544 1000 1633 Μαιάδος
1015 1545 1151 1650 Ἑρμῆ,
1270 1555 1274 1560 ’

160 1722 439 1812 dubitareu‘oepi
463 1745 504 1790 an
533 1721 732 1794 bracteae
760 1721 897 1794 habeat.
954 1722 1096 1815 Legisse
1124 1722 1214 1791 enim
1234 1721 1281 1790 ita

161 1828 390 1897 Heliodorum
403 1826 602 1897 ¹Priscianus
625 1827 743 1914 docet,
790 1827 849 1916 qui
875 1834 1159 1918 quum‘quartum
1180 1826 1281 1914 quin-

159 1939 299 2022 tumque
325 1931 453 2023 pedem
478 1929 632 2020 dactylos
664 1953 735 2000 esse
761 1929 871 2017 dicat,
905 1939 1061 2021 repetere
1086 1930 1221 1999 videtur
1243 1928 1281 1997 id

159 2034 293 2126 ipsum,
319 2033 415 2122 quod
429 2033 635 2101 Heliodorus
650 2034 837 2124 scripserat.
887 2037 975 2103 Nam
994 2034 1081 2102 illud
1102 2041 1196 2102 recte
1212 2055 1281 2124 pu·
1338 2117 1341 2124 Ι

158 2144 197 2205 to
215 2136 421 2219 Milllerum,
447 2135 618 2225 collegam
640 2143 752 2219 tuum,
778 2136 1066 2219 animadvertisse,
1092 2135 1200 2202 alludi
1222 2133 1281 2203 bic

159 2239 206 2308 ad
225 2239 523 2329 compellationem
543 2237 706 2305 Mercurii
725 2239 830 2327 epicis
848 2239 1011 2307 usitatam.
1064 2236 1149 2321 Quis
1168 2245 1281 2312 autem

161 2343 253 2412 dicat
281 2342 406 2426 hodie,
440 2362 510 2428 quo
533 2341 601 2410 line
624 2340 686 2408 istu
709 2340 875 2431 scripserit
894 2341 1101 2431 Hipponax,
1132 2348 1166 2407 et
1188 2339 1281 2407 cuius

157 2448 220 2514 ille
237 2469 347 2514 versus
365 2444 411 2512 ad
431 2444 533 2520 risum
556 2443 734 2513 traducere
748 2443 915 2512 voluerit?
941 2441 1046 2528 Quod
1061 2443 1120 2510 ille
1138 2443 1167 2509 si
1188 2439 1281 2530 lecit,

160 2549 315 2622 consulto
334 2547 467 2631 debuit,
503 2546 662 2636 quoniam
677 2547 785 2616 verbis
806 2546 873 2614 illis
892 2541 1055 2615 utendum
1078 2554 1165 2629 erat,
1199 2566 1281 2635 pra-

159 2675 240 2722 vum
266 2675 399 2720 versum
418 2650 575 2722 condere.
600 2649 698 2719 ldem
719 2644 801 2720 fecit
823 2649 980 2721 Rhiutho
1002 2647 1095 2741 apud
1112 2643 1282 2739 Hephae·

120 2839 124 2858 .
159 2758 302 2825 stionem
324 2779 362 2846 p.
379 2754 415 2822 4.
439 2753 535 2845 (lo.)

264 2908 309 2991 uic
330 2908 369 2982 σε’
389 2901 569 3002 Διύοοσος
590 2900 701 2987 ariade
715 2899 823 3004 ἐξώλη
846 2905 943 3003 θείη·
1018 2918 1026 2934 ·

260 3001 504 3090 Ἰαπύοαατος
523 3003 569 3084 sd
588 3011 743 3105 μέτρον·
771 3006 877 3082 οὐδέν
903 3035 971 3102 μοι
1000 3010 1116 3102 μύλοι,
1218 3067 1222 3074 .

44 3241 49 3252 ,
159 3167 263 3236 fassus
275 3164 335 3236 hic
356 3165 430 3256 ipse
445 3163 553 3260 malos
567 3185 637 3231 osse
650 3161 715 3230 hos
729 3181 853 3229 versus.

263 3420 378 3489 Maior
394 3416 558 3487 dubitatio
575 3423 625 3484 est
640 3413 685 3483 de
700 3413 807 3484 altero
821 3435 937 3498 versu,
962 3433 1000 3504 p.
1026 3407 1113 3484 248.
1139 3410 1230 3480 euius
1245 3409 1280 3478 in

159 3525 308 3594 secundo
329 3524 421 3615 pede
445 3520 651 3613 spondeum,
677 3519 711 3586 in
730 3529 849 3607 quarto
865 3516 1037 3605 dactylum
1060 3537 1130 3580 esse
1146 3535 1280 3582 necesse

160 3637 222 3702 est.
274 3627 413 3696 Tenturi
431 3625 536 3694 multa
551 3633 699 3714 possunt.
747 3622 818 3690 Sed
834 3619 982 3688 omnium
996 3616 1195 3685 facillimum
1216 3624 1277 3702 est,

158 3732 193 3799 in
213 3731 307 3821 quod
327 3739 468 3798 tutemet
487 3726 647 3812 incidisti,
679 3725 805 3809 modo,
837 3745 907 3814 quo
930 3720 1024 3790 ducit
1045 3720 1144 3788 etiam
1165 3718 1346 3791 codextuu

157 3845 250 3922 tune,
278 3834 428 3902 dativum
446 3854 574 3923 ponas,

217 4078 218 4081 Ἴ
262 3981 348 4069 τούς
369 3985 500 4083 ἄνδρας
524 3978 676 4064 τούτους
698 3973 808 4077 ὀδύνῃ
830 3971 946 4071 γύαλα
969 3967 1111 4072 ῥιγηλοί,
1270 4077 1284 4120 s

159 4179 277 4227 manus
318 4179 404 4250 prae
421 4150 555 4225 ‘dolore
595 4156 844 4236 febricitantes,
885 4150 913 4218 si
946 4156 1037 4217 recte
1068 4143 1204 4242 γύαλον
1233 4146 1279 4218 de

157 4261 238 4329 vola
275 4285 391 4329 manus
419 4261 487 4330 dici
517 4259 621 4326 tradit
639 4257 881 4346 EtymologuS,
914 4251 1009 4340 quod
1035 4260 1149 4319 tamen
1177 4249 1277 4317 valde

157 4366 339 4456 probabile
374 4373 438 4433 est·
493 4362 552 4432 Sic
581 4361 690 4432 facilis
721 4369 754 4427 et
783 4355 992 4449 Hipponacti
1016 4363 1055 4526 pp
1078 4351 1276 4524 {leliodoro
