3080 5054
218 403 270 466 us
286 377 918 467 courosmousrrrsmocrmvu
933 403 1199 470 macrcmvu.
1226 407 1291 476 ιιι

173 597 269 648 scere
282 575 397 666 prius,
422 576 481 666 qui
496 575 621 646 docere
634 577 734 662 velit,
759 575 908 657 deberes
931 575 1015 647 disci
1034 562 1163 665 antem,
1189 579 1293 672 quale

174 679 259 769 quid
281 679 341 764 sit,
371 701 440 748 non
461 703 580 772 posse,
604 682 666 748 nisi
688 683 786 750 altius'
808 674 1014 772 repetendo,
1049 687 1083 751 et
1104 681 1189 778 inde
1212 686 1291 774 qui-

173 782 272 866 dem,
297 782 390 850 unde
408 784 561 852 simulet
582 783 627 853 de
648 783 702 852 his
716 784 850 875 paucis,
876 807 963 874 quae
987 779 1171 871 habemus,
1197 787 1291 856 etde
1379 796 1381 805 “

171 884 326 976 plurimis
349 885 431 974 illis,
464 909 551 977 quae
572 888 755 971 amisimus,
797 887 1025 957 coniecturam
1045 887 1159 958 fucere
1180 888 1291 958 liceat.

172 989 287 1056 Vnum
310 1011 483 1078 promam,
509 991 589 1058 data
612 991 779 1060 scribendi
802 993 1073 1082 opportunitate,
1106 989 1225 1059 huius
1226 1015 1291 1084 ge-

170 1091 258 1159 neris
281 1093 495 1183 exemplum,
527 1093 622 1210 quod
647 1095 795 1224 positum
830 1104 879 1210 est
908 1095 943 1161 in
968 1095 1213 1221 compositione
1238 1105 1291 1163 te-

168 1195 445 1330 tralogierum.

278 1367 329 1436 Ac
359 1389 461 1437 nemo
498 1368 653 1462 ignorat,
698 1367 885 1461 tetralogiis
918 1369 1096 1438 certavisse
1131 1367 1293 1461 tragicos,

32 1549 37 1558 ,
114 1476 116 1484 ‘
173 1449 261 1560 quae
276 1493 318 1538 er
334 1472 438 1540 tribus
455 1473 638 1563 tragoediis
653 1481 687 1539 et
701 1495 767 1540 una
788 1472 907 1541 tabula
927 1472 1069 1562 satyrica
1085 1473 1303 1541 constabant
1365 1545 1369 1550 ,

172 1572 214 1640 ld
235 1595 304 1664 quo
322 1582 478 1666 tempore
496 1575 678 1654 institutum
698 1576 800 1644 fuerit
815 1576 995 1644 nescimus:
1021 1575 1093 1644 veri
1109 1567 1217 1643 simile
1231 1583 1291 1660 est,

173 1675 311 1766 Satyros
341 1679 444 1748 etiam
473 1677 674 1798 antiquiores
705 1679 888 1769 tragoediis
913 1678 1033 1747 fuisses
1064 1677 1124 1748 sed
1149 1677 1292 1768 Sopho-

174 1781 260 1848 clem
279 1779 428 1873 primum
451 1782 602 1875 coepisse
630 1802 696 1849 una
714 1781 892 1874 tragoedia
913 1791 1059 1866 certare,
1086 1781 1219 1852 Suidas
1229 1803 1292 1850 au-

173 1893 249 1950 otor
273 1893 321 1952 est
346 1881 399 1972 *):
434 1906 639 1976 quamquam
680 1886 781 1970 etiam
813 1893 893 1975 post
922 1883 1120 2004 Sophoclis
1135 1894 1291 1976 tempore

170 1986 399 2080 tetralogias
390 2011 425 2056 ιιι
444 2012 578 2058 scenam
600 1989 746 2079 produci
768 1989 880 2057 solitas
902 1988 1070 2058 novimus:
1097 1972 1141 2056 de
1163 2011 1230 2110 qua
1252 2010 1291 2056 re

171 2087 256 2155 dixit
276 2090 496 2180 Lessingius
487 2113 522 2156 m
542 2092 621 2156 Vita
634 2091 818 2182 Sophoclis
840 2115 875 2182 p.
867 2089 974 2162 ,123.
991 2114 1102 2180 seqq,
1128 2093 1186 2179 qui
1209 2091 1316 2180 qni-4

174 2190 257 2258 dem
278 2190 372 2282 qnod
392 2192 612 2278 coniiciebat,
646 2202 725 2283 post
746 2191 968 2282 Sophoclem.
982 2191 1120 2260 demum
1135 2191 1291 2260 introdu—

173 2301 244 2362 ctas
262 2316 332 2362 esse
347 2296 560 2386 tetralogias,
586 2305 620 2362 et
634 2293 760 2363 Suidae
784 2293 887 2362 verba
902 2292 1025 2362 falsum
1043 2315 1113 2362 esse
1135 2302 1292 2384 arguunt,

174 2395 474 2488 animadvertitque
499 2398 591 2488 ipse,
626 2419 818 2488 repugnare
843 2395 874 2464 ei
898 2395 1111 2464 coniecturae
1130 2394 1293 2486 exempla

173 2499 352 2588 quaedam.
405 2499 476 2568 Sed
491 2501 551 2569 etsi
571 2487 658 2590 quae
679 2522 794 2568 caussa
807 2497 907 2566 huius
923 2498 1057 2566 instituti
1070 2498 1169 2565 fuerit
1183 2498 1295 2568 nesci-

172 2625 265 2686 mus,
299 2611 411 2671 tamen
429 2612 573 2696 recepto
595 2601 677 2691 quid
697 2603 732 2670 in
749 2599 991 2692 componendis
1005 2600 1192 2694 tetralogiis
1212 2623 1293 2690 spe-

132 2761 133 2766 1
172 2707 256 2775 ctari
278 2707 337 2773 vel
363 2707 513 2796 potuerit
533 2708 588 2774 vel
610 2706 783 2790 debuerit,
817 2727 980 2794 quaerere
1000 2703 1292 2796 operaepretium

171 2808 314 2878 videtur.
344 2809 565 2877 Continetur
590 2808 627 2876 id
647 2819 760 2906 autem
783 2807 837 2878 his
863 2807 993 2876 duabus
1019 2809 1139 2895 rebus,
1185 2829 1292 2928 argn-

172 2921 291 2980 mento
308 2919 349 2980 et
371 2914 578 2984 tractatione.

241 3083 389 3172 Atque
407 3083 453 3152 ad
466 3045 701 3176 argumentum
715 3055 809 3170 quod
829 3081 979 3167 attinet,
984 3073 1126 3148 aut'una
1141 3077 1292 3148 eiusdem

174 3190 363 3280 argumenti
375 3188 603 3278 perpetuitate
619 3188 675 3255 vel
692 3207 807 3268 omnes
822 3183 977 3266 fabulae,
998 3181 1056 3262 vel
1071 3179 1159 3250 duae
1175 3205 1290 3256 earum

172 3299 281 3385 tresve
296 3289 542 3374 cohaerebant,
569 3298 626 3356 aut
644 3285 798 3384 singulae
812 3283 978 3352 diversum
994 3282 1166 3352 habebant
1179 3309 1198 3352 a
1212 3308 1292 3354 cae-

174 3379 251 3464 teris
272 3400 518 3486 argumentum.
568 3389 663 3460 Nihil
681 3379 805 3456 horum
832 3394 901 3469 est,
934 3385 1030 3478 quod
1052 3381 1209 3476 exemplo
1232 3407 1292 3453 ca-

173 3518 248 3564 rere
270 3497 432 3586 videatur.
480 3499 538 3564 Ac
569 3492 732 3562 diversa
722 3515 757 3558 m
778 3481 916 3582 singulis
941 3489 1065 3556 fabulis
1095 3497 1293 3590 argumenta
1387 3534 1388 3537 =

172 3581 326 3667 tractavit
347 3583 553 3687 Aeschylum
592 3587 696 3687 quum
721 3594 907 3678 Phineum,
946 3593 1083 3675 Persas,
1121 3578 1292 3659 Glaucum

171 3702 404 3787 Potniensem,
442 3701 684 3770 Prometheum
705 3697 887 3790 igniferum
907 3718 973 3763 una
992 3678 1175 3786 tetralogia
1194 3715 1291 3764 com-

170 3804 373 3896 prehendit:
400 3803 445 3872 de
461 3827 528 3895 qua
544 3812 663 3874 testem
682 3802 847 3871 habemus
868 3798 1144 3904 grammaticum,
1170 3819 1229 3888 qur
1217 3796 1293 3866 de

212 4133 244 4213 *)
268 4131 364 4205 Aliter
384 4105 505 4191 Suidam
525 4129 674 4190 intellexit
694 4125 902 4190 Welckerus
892 4146 925 4186 m
941 4079 1109 4202 'l'etralogia
1124 4120 1291 4204 Aeschyleo

171 4236 204 4298 p.
227 4221 300 4286 508.
329 4239 414 4312 seqq.
438 4217 486 4275 coi
508 4215 637 4274 videnda
669 4235 745 4294 quae
773 4211 917 4294 opposuit
946 4210 1138 4290 Sbvernius
1129 4229 1161 4268 ιιι
1184 4207 1292 4267 disser-

170 4305 284 4364 tatione
313 4301 404 4383 quani
434 4301 588 4382 inscriplit
611 4291 693 4359 tiber
718 4297 776 4357 den
812 4294 1016 4402 historischen
1044 4294 1203 4354 character
1240 4289 1292 4348 dee

173 4387 410 4470 dutmtapmss

1031 4463 1115 4536 V²
