3120 5030
274 389 317 450 26
352 383 411 443 DE
440 379 642 442 LEGlBVS
670 380 950 475 eruvsuan
979 379 1352 445 svurrnrouruvs

274 557 434 626 sermonis
456 555 599 646 vestigio
620 555 857 624 memorabiles
874 557 956 641 sint,
986 557 1168 626 indicativo
1184 558 1321 630 ιῖσοται
1337 556 1394 640 di-

274 683 329 733 co.
382 660 469 727 Nam
491 658 584 726 aliud
611 660 755 750 agebat,
789 661 929 749 opinor,
965 660 1203 758 Thierschios,
1230 683 1337 748 quum
1358 683 1394 750 p.

267 762 360 832 .180.
394 763 530 834 εἴσεται
555 763 590 835 in
619 763 837 832 coniunctivis
868 773 1065 834 numeraret
1129 763 1234 848 Quod
1265 765 1293 830 si
1323 765 1397 853 quis

275 865 391 962 ὄφρα.
426 872 465 932 ιιι
486 865 693 956 sigmlicans,
733 888 811 934 curn
836 861 959 934 futuro
974 866 1064 934 ferre
1084 867 1190 951 nolit,
1216 866 1341 958 poterit
1357 865 1396 933 id

273 992 338 1061 pro
354 968 466 1036 donec
481 970 645 1056 accipere.
698 968 751 1036 lta
775 975 888 1038 antem
910 979 1076 1060 cognatae
1093 969 1159 1038 lrae
1174 969 1396 1060 significatio-

273 1095 332 1140 nes
353 1080 444 1155 sunt,
469 1093 572 1158 quam
584 1093 657 1139 rem
672 1072 782 1164 attigit
795 1074 964 1142 Porsonus
988 1072 1033 1141 ad
1047 1073 1168 1163 Eurip.
1185 1072 1316 1142 Phoeu.
1333 1071 1396 1140 894

273 1175 365 1251 utin
388 1173 542 1263 Odyssea
569 1178 631 1255 ἕως
649 1195 718 1242 nou
739 1176 844 1244 semel
869 1184 907 1244 ιιι
928 1177 1112 1267 significet,
1138 1197 1169 1244 v.
1194 1199 1224 1246 c.
1253 1179 1285 1248 d.
1307 1173 1395 1242 800.

217 1266 220 1274 ’
274 1307 302 1350 ε
326 1275 412 1344 380.
442 1284 469 1361 ζ
491 1275 551 1345 80.
612 1278 687 1348 Νοο
706 1279 822 1347 sordes
843 1279 1045 1372 appellarim
1069 1279 1266 1362 indicativos
1289 1279 1323 1345 in
1342 1277 1397 1346 his

273 1379 375 1450 locis:
408 1378 478 1450 Od.
505 1407 539 1450 α.
564 1378 649 1449 310.
669 1378 867 1478 daipovd',
895 1379 980 1455 ὄττι
1004 1384 1046 1456 ιιί
1070 1409 1138 1474 μοι
1169 1382 1298 1456 δοῦναι
1329 1379 1397 1476 φί-

179 1526 182 1531 -
273 1479 377 1555 λον
353 1497 445 1577 ητορ
465 1477 615 1576 ἀνοίγει,
644 1480 748 1564 αὖτις
763 1480 991 1579 α’νιρχομενηι
1008 1484 1158 1572 δοῦναι,
1185 1484 1263 1569 ubi,
1289 1505 1396 1572 quum

273 1585 380 1654 modo
414 1586 572 1667 obtulerit
604 1585 733 1654 donum
757 1587 1008 1672 Telemachus,
1040 1587 1166 1655 idonea
1191 1609 1307 1656 caussa
1336 1595 1397 1669 est

176 1705 180 1712 ·
273 1711 379 1778 quare
402 1687 532 1755 admitti
552 1689 748 1758 indicativus
777 1692 902 1781 possit3
936 1701 969 1758 et
990 1691 1030 1758 ll.
1057 1716 1097 1783 μ.
1123 1687 1207 1759 220.
1244 1683 1398 1769 nullove

273 1781 344 1886 γάρ
371 1784 502 1886 Τρωων
525 1792 809 1885 καταλείψομεν,
837 1791 898 1873 οὕς
917 1819 978 1868 νον
991 1790 1135 1882 Ἀχαιοί
1156 1793 1275 1885 χαλινῷ
1298 1786 1396 1886 0,ηά-

274 1918 419 1977 σοοσιν,
445 1893 504 1960 ubi
525 1903 562 1961 ut
584 1895 828 1985 praeferendus
851 1896 892 1962 sit
920 1897 1163 1980 coniunctium,
1190 1905 1225 1964 at
1238 1894 1397 1963 indicati-

273 2019 333 2064 vus
356 2018 424 2064 non
447 2006 496 2062 est
517 2005 630 2064 tamen
650 1997 762 2066 falsus.
821 1998 928 2068 Sed
918 2021 953 2066 ιιι
982 2001 1041 2066 illo
1063 1998 1131 2067 Od.
1157 2026 1181 2070 ι.
1203 1996 1289 2066 277.
1313 1992 1419 2086 οὐδ’,

274 2097 320 2170 ἀν
350 2099 416 2191 ἐμω
408 2091 537 2179 Arda
566 2101 674 2190 ἕχοος
697 2094 929 2222 ἀλειιάμινος
959 2099 1179 2197 πεφιδοίμην
1203 2098 1290 2172 οὔτε
1319 2098 1399 2188 osai,

274 2197 364 2274 οὔθ’
396 2194 557 2296 ἑταίρων,
590 2230 621 2273 σι
653 2230 705 2321 μη
730 2197 849 2294 θυμός
871 2231 918 2294 με
942 2198 1099 2292 κελεύει,
1134 2211 1172 2270 ιιι
1194 2228 1215 2270 a
1241 2223 1399 2271 sermone

272 2304 437 2377 familiari
451 2303 623 2377 excusatio
639 2306 698 2392 sit,
732 2314 844 2376 tamen
865 2307 1046 2376 sententiae
1071 2329 1188 2376 caussa
1209 2305 1399 2398 optativum

272 2416 484 2500 anteponam.

374 2611 530 2698 Denique
565 2611 648 2679 alius
663 2611 811 2702 ¹generis
841 2610 912 2679 hoc
949 2621 999 2678 est
1030 2608 1099 2680 od.
1134 2639 1166 2683 ο.
1195 2604 1282 2678 385.
1313 2604 1398 2681 ἀλλ’

273 2707 387 2798 ἀκέων
407 2714 550 2808 πατέρα
570 2715 844 2808 προςοιιέριιιτο,
880 2713 1048 2803 δέγμενος
1071 2715 1160 2802 αἰεί,
1184 2705 1334 2799 χὁππότε
1352 2705 1399 2806 dp*

272 2814 495 2910 μνηστῆρσιν
516 2809 680 2891 ἀναιδέσι
707 2819 829 2907 χεῖρας
850 2809 987 2911 ἐφήσει.
1055 2817 1134 2885 Νοιι
1161 2816 1335 2906 refragor,
1371 2813 1400 2880 si

271 2917 346 3004 ¹quis
368 2939 446 2986 cum
469 2915 675 2986 Thierschic
700 2940 736 3007 p.
754 2914 840 2984 192.
868 2920 914 2984 ex*
930 2918 1007 2985 cod.
1024 2918 1117 2987 Vrat.
1136 2918 1237 3016 ἐφείη
1255 2915 1416 3011 praefe—¹

272 3028 334 3104 rat,
361 3020 467 3087 modo
487 3019 579 3087 idem
603 3021 703 3087 etiam
724 3039 756 3087 v.
775 3017 835 3086 29.
854 3029 1012 3110 reponat:
1038 3022 1098 3088 sed
1113 3014 1239 3116 ἐφήσει
1257 3020 1318 3109 qui
1332 3018 1400 3085 de-

220 3195 225 3206 ,
272 3123 412 3202 fondere
434 3122 545 3208 volet,
578 3145 619 3192 eo
644 3125 693 3190 uti
715 3133 915 3214 argumento
943 3123 1097 3210 debebit,
1139 3122 1235 3210 quod
1258 3120 1399 3206 Graeci,

272 3246 360 3313 quae
381 3248 423 3292 ex
448 3226 556 3292 aliena
580 3236 693 3294 mente
722 3226 895 3311 dicuntur,
922 3232 1024 3316 saepe
1050 3226 1145 3294 velut
1168 3249 1210 3294 ex
1233 3245 1400 3315 praesen-
1493 3237 1503 3260 ⁸

270 3327 312 3395 tis
336 3349 395 3396 ore
415 3327 600 3418 proferant.
660 3327 731 3412 Qui
749 3350 841 3413 moe,
874 3328 1031 3417 frequens
1059 3328 1153 3417 apud
1181 3327 1401 3409 recentiores,

271 3431 345 3521 ipse
371 3452 509 3521 quoque
535 3430 666 3499 radices
690 3453 766 3499 suas
799 3431 834 3496 in
853 3431 1009 3499 Homero
1031 3430 1149 3502 habet.
1200 3430 1321 3520 ltaque
1342 3427 1400 3495 his

188 3553 190 3558 ’
258 3557 408 3628 ηιιοηιιε
430 3534 465 3600 in
484 3533 569 3602 locis
591 3525 738 3627 ἐφήσει,
766 3533 794 3598 si
814 3553 945 3600 versum
968 3529 1028 3600 39.
1054 3554 1249 3621 compares,
1284 3532 1397 3598 habe-

269 3639 338 3722 bit,
371 3660 440 3726 quo
466 3635 677 3704 defendatur.
728 3635 822 3704 Rara
840 3628 954 3703 tamen
983 3634 1071 3702 haec
1097 3645 1172 3702 sunt
1199 3635 1293 3725 apud
1313 3634 1402 3702 rHo-

270 3761 413 3811 merum:
440 3739 481 3806 ll.
502 3765 541 3828 μ
561 3734 622 3822 59.
641 3735 743 3857 πεζοί
762 3736 1025 3827 ὃὲμινοίνεον,
1053 3738 1297 3810 οἰτελίοιισιν.
1326 3727 1400 3806 Od.

226 3856 306 3917 11ν.
334 3840 420 3911 339.
453 3834 573 3935 οιάτάρ
603 3833 672 3957 ε’γιρ
696 3832 743 3910 τά
763 3838 831 3928 μὲν
863 3834 993 3910 οὔποτ’
1016 3833 1204 3917 ἀπίστεον,
1238 3832 1330 3911 ἀλλ
1347 3837 1404 3912 ἑνί

272 3943 384 4035 θυμῷ
400 3939 485 4036 ᾔδε’,
514 3934 776 4060 ὸνρστησεις
744 3940 881 4025 ,quod
901 3938 1137 4007 Minervaiam
1153 3962 1287 4008 reverso
1304 3940 1402 4010 dicit

259 4070 304 4142 ρ.
322 4044 409 4112 300.
436 4039 555 4160 ον’ταρ
579 4034 724 4135 Λοήνη
747 4037 889 4131 elopou',
917 4038 961 4168 ηις
979 4033 1159 4165 ἀνπάρνα
1180 4037 1277 4114 ιιαπά
1296 4070 1401 4137 μνη-

230 4217 233 4221 ,
271 4139 575 4241 στῆραςάνείρσι,
603 4139 706 4234 γνοίη
727 4136 786 4225 0,
815 4141 1270 4234 οἵτινίςείσινέναίσιμοι,
1304 4141 1411 4217 οἵτ’

271 4244 496 4376 plurimorum
532 4246 572 4316 ln
598 4243 660 4310 illo
691 4253 718 4324 ξ
751 4239 838 4308 331.
864 4269 898 4314 τ
914 4241 1013 4310 288.
1046 4238 1186 4332 ὤμοσε,
1217 4248 1402 4342 ἐπαρτέας

272 4352 388 4444 ἔμμεν
414 4344 600 4442 ἑταίρους,
636 4349 676 4417 οἳ
699 4337 742 4438 (ιη’
757 4369 825 4438 μιν
850 4345 1036 4440 πέμψουσι
1053 4343 1202 4439 φίλην’
1184 4373 1218 4426 sc
1234 4347 1404 4446 πατρίδα
