3078 5026
338 395 341 402 ι
473 317 476 323 ’
534 365 857 428 urssuurrrro.
1189 367 1254 432 rm

136 549 249 610 nutem
265 537 311 608 ab
326 532 501 626 Hesiodo,
522 538 622 630 qnod
647 538 976 642 isnon'dispersim,
1001 559 1110 629 neque
1131 536 1253 627 obiter,
1318 515 1324 542 '

134 652 174 714 ιιι
195 643 367 712 Homerus
387 641 486 728 fecit,
523 643 583 712 sed
609 641 728 711 ordine
753 651 788 711 ct
815 641 860 711 de
884 641 1044 710 industria
1064 642 1253 711 doctrinam

135 746 231 816 illam
253 746 418 838 exposuit.
470 745 550 830 Quo
574 755 687 815 autem
714 745 820 814 modo
848 767 890 814 ex
906 744 1060 814 ¹Hesiodi
1091 742 1254 814 Homeri-

136 873 204 940 que
227 849 430 934 carminibus
454 847 662 918 enucleanda
688 858 775 918 esset
804 849 866 918 istu
894 848 980 916 ratio
1007 844 1254 938 mythologiae,

134 955 319 1047 plerosque
339 973 456 1020 omues
480 950 615 1022 latuisse
637 949 755 1021 video:
788 948 953 1042 siquidem
972 949 1072 1020 etiam
1092 948 1255 1040 Heynins,

135 1056 198 1147 qui
217 1053 341 1124 rectius
359 1076 462 1144 quam
485 1055 543 1123 alii
569 1052 615 1122 de
628 1053 682 1124 his
703 1055 804 1124 rebus
825 1054 1004 1140 sentiebat,
1030 1053 1065 1121 in
1080 1074 1256 1124 commen-

135 1158 277 1228 tatione
295 1156 341 1228 de
371 1157 514 1226 Hesiodi
538 1157 744 1251 ‘lbeogouia
770 1179 811 1226 er
838 1157 903 1226 illis
927 1157 1078 1241 duobus,
1103 1178 1192 1246 quae
1219 1156 1256 1226 in

136 1261 209 1332 hoc
230 1282 359 1353 genere
390 1269 427 1329 ιιι
441 1260 597 1330 ,marinna
623 1261 873 1348 memorabilia,
904 1261 952 1329 ita
974 1259 1019 1328 ad
1040 1257 1256 1329 enodandam

136 1385 213 1436 rem
230 1362 328 1435 unice
350 1373 543 1454 opportuna
564 1373 658 1451 sunt,
699 1365 843 1434 alterurn
862 1363 970 1433 modo
993 1363 1102 1434 obiter
1131 1363 1256 1455 attigit,

137 1468 298 1552 alterum,
323 1464 429 1556 idqbe
442 1467 659 1558 primarium,
685 1467 789 1560 plane
802 1467 983 1560 praeteriit.
1034 1464 1162 1536 Etboc
1178 1465 1273 1555 qui·.

139 1568 220 1640 dem
240 1569 276 1638 in
295 1590 339 1637 eo
368 1578 416 1639 est
436 1570 601 1662 positum,
642 1570 739 1660 qnod
765 1568 901 1640 nomina
931 1568 1075 1639 deorum
1105 1567 1255 1636 omnium

138 1672 273 1764 origine
289 1671 424 1744 Graeca
437 1681 530 1761 snut,
557 1682 590 1742 et
610 1696 631 1742 a
652 1697 792 1742 munere
812 1675 973 1762 cuiusque
995 1672 1053 1742 dei
1072 1681 1174 1762 atque
1198 1669 1257 1750 off

137 1775 219 1848 licio
244 1775 359 1867 petita.
412 1778 500 1848 Nam
522 1785 560 1846 ut
579 1778 740 1846 nonnulla
757 1777 883 1848 borum
905 1776 1096 1863 nominum,
1117 1770 1202 1862 viant,
1228 1773 1257 1842 ei

139 1877 197 1949 cui
212 1878 261 1948 ita
278 1878 466 1966 ridebitur,
493 1881 605 1952 omnia
625 1881 661 1950 in
683 1881 812 1951 oriente
836 1887 914 1950 nata
933 1879 1013 1970 sint,
1040 1877 1179 1948 utillud
1202 1886 1255 1945 ta-

138 2003 219 2050 men
245 1991 399 2074 apertum
417 1993 483 2070 est,
514 1984 696 2058 aGraecis
722 2009 763 2055 ea
785 1985 921 2055 Graeca
941 1983 1050 2069 sacta,
1085 1981 1256 2076 significa-

138 2091 259 2174 tusque
273 2086 312 2154 iis
327 2107 385 2154 eos
398 2087 573 2156 attributos
590 2111 677 2173 esse,
703 2088 762 2179 qui
780 2108 859 2157 cum
881 2089 999 2179 lingna
1022 2086 1156 2156 Graeca
1171 2107 1256 2155 oon-

141 2187 299 2259 venirent.
350 2187 452 2258 Vnde
465 2190 678 2280 intelligitur,
704 2213 745 2260 ex
760 2190 948 2258 nominibus
961 2197 1114 2258 naturam
1130 2196 1164 2256 et
1179 2208 1257 2256 mu-

137 2290 194 2360 nia
215 2292 455 2383 cognoscenda
475 2314 548 2361 esse
562 2292 716 2366 deorum.
767 2293 841 2363 Neo
858 2288 1000 2361 deorum
1023 2300 1170 2375 tantum,
1195 2287 1257 2357 sed

137 2393 241 2464 etiam
270 2393 433 2479 heroum,
469 2395 674 2485 omninoque
705 2417 830 2464 rerum.
850 2395 1018 2477 omnium,
1057 2391 1258 2476 nominibus,

137 2518 228 2587 quae
255 2496 397 2587 propria
427 2505 607 2583 vocantur,
650 2498 907 2590 appellaturum.
972 2495 1055 2581 Quis
1079 2495 1169 2564 enim
1188 2485 1258 2562 non

138 2600 297 2685 nabetur,
328 2599 493 2691 pleraque
515 2600 676 2686 heroum,
709 2601 825 2690 etqui
852 2599 1012 2694 deinceps
1038 2619 1079 2666 ex
1106 2598 1145 2666 iis
1172 2618 1290 2689 pro-.

140 2702 243 2774 creati
264 2711 354 2788 sunt,
380 2705 516 2772 nomina
535 2704 583 2772 ita
603 2727 682 2776 oum
703 2704 802 2782 lactis
824 2723 941 2774 eorum
970 2711 1004 2772 et
1027 2703 1127 2771 rebus
1154 2701 1265 2794 gestis
1400 2789 1402 2794 Ι

140 2805 335 2891 convenire,
361 2814 400 2875 ιιι
420 2829 489 2876 ιιοιι
509 2817 603 2898 ante,
633 2831 736 2897 quum
758 2807 898 2897 quisque
920 2829 973 2876 res
993 2805 1068 2874 illae
1092 2806 1257 2898 gessisset,

140 2907 200 2978 sed
216 2917 296 3000 post
315 2909 473 3001 imposita
493 2910 594 2980 luisse
617 2911 799 3003 probabile
815 2911 881 2980 sit?
913 2911 1046 2980 lllustre
1064 2909 1258 3001 exemplum
1408 2975 1410 2990 ,

140 3012 305 3102 praebent
325 3013 421 3104 ipsae
440 3037 492 3083 res
513 3014 678 3100 Troicae,
703 3014 738 3083 in
759 3015 880 3103 quibus
901 3015 960 3104 qui
972 3013 1158 3084 inclaruere
1179 3012 1258 3103 ple-

140 3116 237 3204 rique
258 3115 353 3205 (nam
375 3139 480 3206 quare
501 3139 570 3187 non
589 3140 723 3203 omnes,
748 3124 817 3186 nou
838 3126 888 3186 est
910 3118 1107 3200 obscurum)
1132 3113 1171 3182 iis
1192 3135 1258 3184 vo-

141 3217 208 3308 cati
234 3225 310 3286 sunt
328 3221 547 3306 nominibus,
579 3211 675 3310 quae
689 3229 809 3311 poetas
832 3241 883 3312 er
898 3219 994 3289 saetis
1022 3239 1139 3288 eornm
1160 3235 1257 3289 oom-

138 3327 269 3392 meutos
288 3332 470 3413 appareat>
513 3323 603 3392 Hinc
617 3321 719 3392 valde
734 3329 888 3415 suspecta
899 3320 985 3391 fides
999 3321 1134 3390 illorum
1147 3319 1257 3390 bisto-

139 3424 285 3508 riarnm‚
309 3435 348 3494 ιιι
361 3427 486 3519 partim
497 3427 629 3519 penitus
644 3427 765 3511 lictae,
789 3426 913 3518 partim
935 3425 1064 3514 aliquid
1085 3424 1156 3491 ven‘
1171 3424 1258 3493 fictis

138 3528 330 3596 nominibus
350 3537 468 3621 tegere
483 3530 667 3598 videantur.
719 3530 847 3599 Verum
865 3529 925 3596 etsi
938 3527 1176 3596 difficillimum
1197 3535 1269 3611 est,

140 3653 222 3700 vera
242 3629 387 3700 fabulosi
402 3633 566 3724 temporis
585 3657 607 3700 a
624 3631 711 3703 lictis
734 3631 937 3716 diiudicare,
961 3638 1093 3720 tamen,
1118 3629 1178 3718 qui
1200 3650 1258 3696 so-

139 3733 215 3802 b'rie
239 3735 317 3804 satis
337 3742 372 3804 et
392 3741 489 3806 caute
503 3734 540 3802 in
559 3733 629 3805 heo
645 3756 684 3803 re
701 3732 885 3826 procedet,
911 3734 1025 3825 aliqua
1045 3740 1154 3818 certe,
1179 3729 1259 3822 qni·

13 3843 14 3848 ’
138 3835 203 3908 bus
222 3834 323 3908 insisti
344 3838 466 3932 possit,
492 3838 634 3932 vestigia
657 3835 902 3931 deprehendet.

148 4093 151 4100 -
244 4043 417 4132 Alterum,
456 4045 552 4136 quod
580 4044 616 4114 in
644 4041 845 4136 explicanda
872 4041 1017 4113 Hesiodi
1049 4040 1259 4131 Homerique

140 4143 358 4239 mythologie
379 4149 562 4218 maximnm
583 4159 791 4218 momentum
806 4147 928 4232 habet,
960 4144 1047 4215 illud
1071 4155 1137 4232 est,
1162 4144 1259 4235 qnod

141 4248 181 4318 hi
198 4262 327 4344 poetae
345 4250 393 4319 ita
421 4252 553 4320 fabulas
573 4252 649 4322 istas
665 4240 835 4337 referunt,
861 4259 899 4321 ut
917 4271 976 4318 eos
990 4272 1121 4320 sensum
1143 4269 1258 4318 earum

140 4354 245 4447 plane
280 4355 453 4451 ignorasse
477 4365 648 4450 appareat
715 4353 822 4442 Quod
856 4353 1091 4427 animadvertit
1119 4350 1258 4445 quidem
