3078 5026
446 319 670 388 unusual
704 321 1001 390 nnrnnurca.
1212 313 1280 400 ιιι

163 500 255 561 stare
270 489 468 564 rationibus·
493 495 529 564 2
549 489 1278 597 1.13.13.an2qnneumnocnn-

163 595 343 667 credibilia
370 598 591 668 reformidet?
637 600 685 668 Aa
710 599 794 689 qnid
826 603 887 670 liet
911 603 1100 694 praeceptis
1125 611 1278 674 veterum

163 696 461 789 rhythmicomm?
494 703 583 770 Nam
602 725 709 792 quum
731 702 782 802 13
801 713 836 772 et
850 701 905 804 13
919 705 1009 778 hanc
1028 707 1192 776 rationem
1211 704 1279 776 ha·

162 803 283 887 heaut,
320 825 422 892 qnam
442 801 468 871 4
492 803 589 890 eti,
620 805 762 897 triplicis
783 815 818 875 et
845 808 1077 912 qnpdruplicia
1104 815 1278 878 mensure

165 906 373 976 consociatio
400 907 605 976 usitatissima
640 909 748 994 toret,
790 926 895 1006 quam
925 921 1037 980 tamen
1065 921 1194 980 veteres
1223 914 1278 980 vel

162 1009 269 1101 plane
306 1010 486 1096 reiectam,
525 1011 582 1079 vel
612 1032 689 1080 raro
727 1021 820 1082 certe
857 1023 1052 1108 umrpatam
1085 1012 1275 1106 perhibent.

164 1110 361 1198 Deinde,
336 1133 364 1180 ιι
386 1115 503 1182 dicunt
522 1123 669 1199 veteres,
694 1113 914 1206 posteriorem
934 1117 1078 1210 spondei
1098 1115 1276 1186 irrationa-

164 1213 205 1288 lis
222 1215 387 1304 syllabam
405 1217 501 1285 brevi
519 1217 710 1308 longiorem
723 1239 804 1304 esse,
829 1222 904 1309 quis
916 1229 1030 1290 tamen
1052 1240 1171 1288 eornm
1184 1219 1278 1304 dixit,

164 1317 315 1408 priorem
342 1320 507 1408 syllabam
537 1321 725 1394 breviorem
755 1343 826 1390 esse
858 1317 986 1414 longa?
1026 1322 1180 1412 Denique
1205 1322 1279 1412 qaia

166 1419 264 1506 dixit,
308 1421 534 1492 irrationalem
562 1425 726 1512 syllabam
757 1447 836 1494 cum
870 1425 1053 1494 irrationali
1081 1425 1279 1508 consociorit

165 1541 253 1612 quae
275 1526 360 1592 ratio
383 1536 500 1616 aperte
519 1527 654 1596 exclusa
682 1537 731 1595 eat
750 1538 784 1596 et
806 1528 850 1596 ab
869 1528 1068 1596 Aristoxeno
1094 1527 1129 1594 in
1155 1527 1198 1594 ir.
1223 1525 1278 1596 rh

163 1645 203 1716 p.
227 1625 312 1694 298.
344 1637 377 1696 et
398 1653 419 1696 a
440 1628 593 1698 Bacchio
609 1651 644 1720 p.
659 1628 719 1696 23.
746 1630 844 1715 Quae
866 1653 970 1720 quum
990 1631 1036 1699 ita
1055 1631 1136 1715 sint,
1160 1651 1280 1710 mane·

87 1729 91 1736 ’
164 1728 231 1813 hit,
265 1738 302 1796 ut
326 1733 465 1822 opinor,
499 1732 599 1800 etiam
621 1733 760 1801 secundi
781 1733 878 1823 pedis
896 1735 997 1803 initio
1021 1733 1159 1818 eadem,
1192 1751 1279 1822 quae

164 1831 279 1922 primi,
295 1855 450 1904 mensura
466 1837 500 1903 in
524 1834 736 1922 ditrochaeo,
762 1836 862 1904 etiam
882 1837 909 1905 si
928 1836 1096 1928 posterior
1116 1857 1178 1928 pes
1194 1835 1280 1904 irra-

162 1934 294 2164 trhonalis
326 1939 377 2006 sit.
437 1938 508 2008 Sed
538 1938 622 2028 qnid
652 1937 802 2060 dicemus
831 1939 877 2008 de
902 1941 964 2008 illo
993 1961 1173 2032 genere,
1165 1939 1280 2029 quale
1340 1973 1345 1979 ·

190 2059 234 2108 oe
255 2048 322 2124 est,

316 2189 447 2292 Δωρίῳ
478 2185 602 2288 puceis
624 2187 821 2290 ἐναρμόξαι
844 2193 998 2290 πεδίλῳ,

161 2342 258 2432 quod
276 2344 340 2416 istc
361 2341 466 2410 mode
483 2343 511 2408 ai
528 2342 682 2433 legimus,
706 2363 863 2413 mensura
883 2347 1054 2432 utnusqne
1076 2343 1174 2433 perlis
1194 2342 1280 2432 pari,

160 2446 277 2537 priore
293 2453 405 2512 autem
421 2442 513 2534 pede
528 2443 690 2514 maiorem
706 2445 955 2537 percussionem
977 2445 1144 2525 habente,
1175 2443 1282 2511 omnis

161 2549 251 2640 perit
273 2569 490 2620 numerorum
513 2548 659 2639 gravitas
680 2560 713 2616 et
734 2543 991 2638 magnificentia.
1043 2545 1149 2633 Quod
1174 2567 1282 2638 genus

161 2653 349 2736 neminem,
399 2651 458 2740 qni
490 2652 604 2740 aliquo
640 2652 818 2720 venustatis
851 2671 947 2719 sensu
979 2651 1128 2743 polleat,
1166 2651 1281 2742 aliter,

105 2801 108 2806 ‚
163 2776 265 2844 quam
284 2755 405 2848 prioris
425 2752 525 2844 pedis
547 2755 641 2822 initio
664 2757 849 2838 minorem,
875 2755 1010 2822 alterins
1030 2755 1194 2823 maiorem
1213 2752 1327 2825 har-12

162 2859 265 2926 bento
291 2858 541 2950 percussionem
557 2858 772 2927 recitaturum
788 2868 962 2948 putamus,
985 2859 1061 2948 ipso
1084 2880 1181 2926 sensu
1196 2857 1281 2924 illuc
1321 2934 1330 2948 χ

163 2961 358 3046 inclinante,
384 2970 422 3028 ιιι
437 2959 583 3050 pedem,
610 2962 668 3050 qui
680 2962 846 3053 posterior
859 2971 924 3046 est,
950 2961 1151 3051 spondeum,
1178 2980 1280 3047 quam

162 3061 362 3132 trochaeum
392 3064 620 3132 irrationalem
653 3087 724 3132 esse
752 3065 858 3132 malit.
910 3063 952 3131 ld
980 3085 1061 3131 vero
1091 3061 1281 3153 planissime

162 3167 380 3256 confirmatur
405 3167 463 3251 iia,
488 3185 576 3254 quae
597 3189 698 3257 supra
723 3168 901 3236 attulimus.
953 3165 1040 3234 Nam
1065 3162 1092 3231 si
1112 3163 1282 3256 spondeus

162 3278 231 3337 tam
255 3276 443 3337 constanter
463 3278 660 3358 usurpatur,
687 3277 811 3336 utnon
835 3270 925 3360 ipse,
951 3269 1012 3336 sed
1034 3267 1229 3351 trochaeus,
1255 3267 1283 3336 si
1355 3271 1358 3278 ’

108 3425 110 3428 -
162 3365 391 3461 isaliquando
412 3373 617 3457 inveniatur,
644 3375 855 3442 excusatione
877 3371 1045 3464 indigeat,
1070 3371 1154 3460 quid
1177 3367 1281 3455 aliud,

162 3494 265 3564 quam
289 3497 358 3543 non
383 3495 423 3542 ex
441 3475 573 3544 duobus
587 3475 776 3560 trochaeis,
803 3472 862 3545 sed
879 3497 920 3542 ex
941 3476 1106 3546 trochaeo
1127 3483 1161 3538 et
1177 3491 1282 3562 spon*

163 3577 231 3646 deo
246 3578 317 3648 hoo
336 3597 443 3670 genus
459 3579 686 3670 compositum
700 3597 773 3646 esse
789 3576 964 3646 dicemus?
988 3579 1036 3644 At
1057 3574 1128 3642 hoc
1145 3593 1283 3661 qnoque

162 3681 407 3748 dubitationem
430 3677 536 3748 habet
555 3700 623 3747 non
642 3682 809 3770 exiguam.
860 3680 987 3746 Nam
963 3701 989 3746 ει
1009 3680 1069 3746 istc
1084 3700 1152 3744 non
1172 3675 1282 3742 ditro-

162 3783 306 3868 chaeus,
332 3783 393 3851 sed
407 3769 555 3874 epitritus
575 3792 639 3866 est,
665 3783 749 3874 quid
765 3800 901 3854 caussae
917 3790 984 3867 est,
1010 3801 1070 3852 cur
1085 3777 1282 3868 rhythmici,

160 3904 267 3975 quum
282 3885 340 3955 hic
356 3901 512 3955 numerus
535 3886 628 3977 apud
649 3887 772 3978 lyricos
796 3886 1037 3963 usitatissimus,
1066 3883 1158 3974 apud
1173 3883 1281 3974 tragi

162 4011 221 4059 cos
242 3991 380 4060 minime
393 4011 486 4058 rarus
505 3990 565 4075 sit,
590 3999 721 4076 tamen,
746 3991 807 4058 nbi
827 3989 872 4058 de
891 3987 1050 4078 divisione
1064 4005 1283 4058 numeromm

160 4093 360 4182 loquuntur,
393 4094 455 4160 tria
475 4094 600 4162 faciant
621 4115 765 4185 genera,
794 4081 879 4184 par,
915 4090 1062 4180 duplex,
1091 4090 1284 4178 sescuplam

160 4206 318 4286 quartum
337 4217 442 4287 genus
464 4205 594 4283 antem,
621 4198 808 4289 epitritum,
835 4204 872 4262 ut
892 4194 984 4282 quod
1010 4194 1122 4285 exigui
1140 4214 1216 4260 usus
1230 4192 1283 4274 ιιι,

161 4317 182 4367 a
199 4299 403 4389 qmbusdam
418 4307 554 4370 tantum
561 4297 661 4372 adiici
681 4300 842 4384 referant,
868 4297 969 4369 veluti
985 4298 1148 4468 plrispdes
1170 4318 1205 4386 p.
1221 4289 1282 4360 35.
