3078 5026
191 301 195 310 '
261 315 325 379 ιω
407 312 464 374 ns
491 273 651 374 cnon'o
676 282 963 374 'nvunrrovu
990 307 1224 372 anscarii

259 481 401 554 Athenis
426 483 527 569 abiit,
561 504 604 554 oo
631 481 765 553 ridetur
774 481 1052 580 indignationem
1077 480 1283 551 dissimulare
1307 499 1373 549 vo-

257 586 368 656 luisse.
418 586 472 656 Ac
496 585 635 656 fortasse
659 585 705 654 ad
727 573 882 655 eamdem
899 587 1071 678 repulsam
1095 584 1251 676 pertinet,
1275 581 1383 672 qnod·

261 689 456 787 Athenaeus
488 687 592 758 refert
619 689 677 758 lib.
711 688 804 758 vill
836 711 873 789 p
904 685 991 757 348.
1024 689 1066 756 Ε.
1101 680 1300 782 φιλόσοφος
1331 683 1371 758 δλ

214 771 309 891 idolo
334 791 407 865 αιδν
431 815 527 864 πανιν
552 784 830 881 o‘At'uyrhioc,n
807 818 846 874 oc
870 818 929 865 ιιαι
921 787 1126 918 ἠτρηδιὶς
1127 785 1371 875 α’δίιιωιιιονέ,

225 969 227 982 ,
260 893 307 976 ως
333 886 617 990 Θεόφραστος
578 921 614 1018 η
640 895 863 1015 Χαμαιλέων
894 896 935 968 έν
963 893 1017 988 τῷ
1043 890 1127 988 περι
1158 887 1287 988 ἡδονῆς
1313 891 1371 962 si-

260 1022 386 1120 ρηιιιν,
419 997 488 1092 ἔφη
521 990 637 1116 χρόνῳ
670 989 737 1077 ναῖς
754 994 966 1119 τραγῳδίας
998 990 1236 1118 ρ’νατιθέναι,
1270 982 1371 1074 sidere

260 1097 322 1172 ὅτι
346 1124 530 1191 καμιειται
559 1091 626 1192 τήν
651 1123 722 1195 προ
726 1091 896 1193 ςηίιαυααν
921 1095 1045 1192 τιμήν.
1103 1097 1159 1165 Ex
1189 1093 1370 1165 Athenaeo

259 1196 1075 1294 haectetrgrtetiamEuststhiusp.1298,5‘l.·
1111 1197 1255 1282 Eadem,
1281 1217 1370 1286 quae

259 1325 281 1373 a
304 1302 508 1390 Plutarcho,
534 1304 579 1373 ab
591 1304 662 1373 aliis
678 1326 814 1393 qnoque
828 1304 949 1374 tradita
963 1324 1051 1387 esse,
1078 1324 1097 1370 e
1122 1300 1190 1368 vita
1208 1298 1372 1389 Aeschyli

258 1405 512 1499 cognoscimus,
550 1407 585 1475 in
613 1429 681 1496 qua
713 1407 836 1476 diserte
868 1405 912 1473 ad
946 1404 1151 1488 Hieronem,
1192 1401 1372 1472 condenda

257 1510 343 1578 urhe
357 1509 468 1579 Aetna
493 1519 715 1601 occupatum,
745 1508 917 1600 profectus
943 1506 1084 1592 dicitur,
1108 1528 1218 1595 eaque
1237 1515 1370 1597 oppor-

256 1612 396 1681 tunitate
419 1633 528 1681 novae
557 1613 649 1682 urbis
681 1611 808 1682 civibus
834 1610 953 1681 fabula
975 1609 1128 1678 indidem
1150 1630 1276 1678 nomen
1304 1606 1371 1676 ha-

257 1714 359 1783 bente
382 1715 568 1805 gratulatus
593 1738 672 1784 esse.
724 1715 893 1784 Censentit
918 1714 1019 1830 etiam
1041 1711 1265 1781 Pausaniasl.
1280 1711 1317 1797 2,
1333 1711 1369 1779 3.

257 1816 304 1884 ita
333 1817 497 1888 scribens.
529 1819 763 1944 συνῇσαν
720 1815 809 1890 δὲ
784 1845 856 1912 αρα
882 1815 942 1887 ναὶ
967 1802 1056 1888 νέαι
1080 1813 1371 1938 τοῖσβασιλεῦσι

256 1916 425 2015 ποιηταί
451 1915 511 1992 καὶ
535 1944 715 2016 προτερον
741 1919 797 1992 ἔτι
821 1944 881 1990 ναι
873 1899 1135 2009 Πολυκράτει
1149 1911 1283 2010 Σάμον
1299 1943 1370 1990 να-

255 2021 453 2142 possedere
477 2016 683 2144 Ἀνακρέων
707 2047 849 2118 παρην,
875 2018 977 2092 ναλ’
959 2045 994 2102 ec
1017 2013 1256 2143 Συραιιαέααι
1280 2043 1370 2115 προς

126 2149 138 2175 ³
255 2119 404 2221 Ιέρωνα
436 2117 617 2215 Αἰσχύλος
657 2119 719 2195 ιιαλ
750 2121 956 2220 Σιμωνίδης
996 2117 1205 2220 ἐστάλησαν.
1269 2121 1371 2190 Vnde

257 2234 419 2318 apparet,
452 2226 580 2297 factum
611 2221 682 2298 hoc
707 2248 777 2296 esse
809 2226 896 2295 inter
929 2225 1070 2315 Olymp.
1095 2225 1234 2294 LXXV
1267 2223 1302 2292 3.
1337 2233 1371 2292 et

255 2323 445 2401 nxxvm,
478 2327 514 2398 2.
549 2350 613 2421 per
643 2328 738 2418 quod
772 2337 906 2421 tempus
935 2350 995 2398 rex
1029 2329 1271 2417 ¹Syracusarum
1307 2327 1371 2394 fnit

254 2431 374 2501 Hiero.
432 2433 553 2522 Neque
584 2431 734 2518 obstant,
771 2455 860 2526 quae
891 2432 937 2501 de
970 2431 1081 2500 Aetna
1112 2433 1198 2501 urbe
1230 2429 1369 2521 Olymp.

253 2533 409 2602 Lxxvl.
423 2533 458 2602 1.
484 2533 621 2606 conditu
644 2534 840 2604 medentur:
865 2556 945 2604 nam
965 2543 1088 2602 utnon
1112 2535 1189 2604 satis
1214 2542 1370 2605 accurate

253 2635 383 2704 dictum
406 2635 447 2704 sit
471 2660 493 2705 ιι
516 2637 604 2705 vitae
635 2637 817 2728 scriptore,
855 2645 1061 2727 occupatum
1087 2658 1130 2705 eo
1155 2644 1311 2728 ternpore
1334 2636 1370 2703 in

255 2737 486 2807 constituenda
518 2762 559 2808 ea
592 2739 726 2808 civitate
753 2740 871 2810 fuisse>
887 2741 1090 2824 Hieronem,
1128 2749 1242 2808 tamen
1271 2739 1370 2808 etiam

254 2862 364 2932 nuper
388 2841 583 2932 constitutae
607 2842 815 2934 gratrdatum
850 2865 922 2912 esse
945 2840 1172 2932 Aeschylum,
1204 2841 1289 2910 nihil
1322 2849 1371 2910 est

254 2943 349 3034 quod
377 2943 518 3014 credere
541 2945 732 3036 prohibeat.
789 2947 862 3016 Nec
884 2945 1029 3034 denique
1050 2953 1238 3036 repugnat,
1272 2943 1369 3032 quod

254 3048 371 3117 Persas
395 3045 515 3115 iterum
541 3048 659 3118 docuit
680 3049 714 3118 ln
739 3050 870 3124 Sicilia·
914 3047 1108 3118 scholiastes
1134 3045 1370 3139 Aristophanis

154 3203 157 3208 ,
254 3148 301 3217 ad
322 3149 411 3218 Rau
432 3149 543 3222 106⁰.
570 3151 717 3226 δοκοῦσι
735 3147 899 3226 δέονται
915 3177 952 3224 οι
977 3147 1167 3273 Πέρσῳι’
1146 3177 1216 3222 ono
1208 3141 1369 3240 Αισχιι

254 3255 320 3324 λον
347 3247 606 3342 διδιδέχδαι’
588 3282 627 3328 ιν
647 3248 918 3350 Συρακούσαις,
953 3245 1225 3379 σπριιδασαντος
1249 3249 1370 3347 Ἱέρω-

253 3377 333 3444 νος,
374 3351 419 3434 ὥς
459 3380 567 3452 φησιν
597 3351 920 3452 Ἐρατοσθένης
902 3384 941 3430 ιι
981 3348 1011 3448 ρ’
1044 3380 1128 3450 περι
1164 3353 1369 3449 νωμῳδιαῖν

253 3455 532 3528 Additamentum
557 3457 728 3526 advitam
751 3458 950 3549 Aeschyli
940 3479 976 3524 rn
1000 3455 1078 3526 cod.
1093 3457 1223 3530 Guelf.
1259 3483 1370 3554 φασιν

252 3552 328 3632 dno
358 3557 521 3657 Ιέρωνος
554 3555 758 3643 disertiora
793 3554 1010 3643 α’ναδνδαξαι
1038 3585 1125 3640 roos
1146 3559 1348 3678 .Πέρσας’
1330 3585 1370 3632 εν

253 3660 425 3758 Σικελίᾳ,
459 3660 519 3734 ιιαὶ
543 3662 625 3737 λέαν
651 3659 909 3762 ἐὐδοκιμῆσαν
945 3683 1033 3753 qnae
1056 3662 1126 3731 iarn
1145 3661 1181 3729 in
1203 3660 1258 3729 ed
1278 3660 1369 3730 liob.

215 3831 221 3844 ,
252 3783 290 3854 p.
315 3761 376 3831 13.
403 3763 464 3834 sed
489 3765 591 3834 valde
615 3776 776 3859 corrupta
800 3768 1006 3857 prostabant
1057 3765 1162 3854 Atqui
1176 3764 1294 3832 Persas
1305 3763 1371 3834 do·

254 3872 371 3934 onerat
393 3869 541 3959 primum
565 3867 707 3940 Athenis
729 3867 869 3988 Olymp
883 3867 1041 3940 LXXVI.
1063 3863 1099 3940 4.
1150 3865 1278 3937 Haeo'
1267 3869 1372 3959 igitur

135 3989 137 3994 ·
255 3968 369 4036 omniu
393 3969 549 4040 dubitare
573 3993 635 4040 nos
659 3993 729 4041 nou
753 3971 880 4062 sinunt,
906 3972 987 4061 quin
1011 3968 1203 4060 Aeschylus
1229 3968 1369 4060 Olymp.

132 4105 142 4132 ι
253 4069 426 4139 LXXVII.
450 4070 487 4140 4.
512 4097 617 4163 quum
642 4076 686 4144 ab
711 4074 891 4167 Sophocle
915 4077 1021 4144 victus
1046 4081 1147 4160 esset,
1172 4073 1206 4139 in
1222 4072 1372 4142 Siciliain

132 4252 134 4256 .
255 4171 376 4242 obierit
405 4173 451 4242 ad
480 4177 685 4268 Hieronem,
718 4201 837 4271 regem
868 4177 1127 4268 Syracusarum,
1160 4176 1275 4264 ibique
1309 4175 1373 4242 ali·

255 4276 419 4366 quamdiu
451 4277 584 4357 vixerit:
635 4280 707 4350 Sed
738 4281 824 4373 quid
852 4281 915 4351 fiet
948 4281 1085 4352 caeteris
1117 4279 1372 4364 narrationihuS,
