3120 5030
257 312 302 376 02
343 305 401 368 DE
421 303 656 369 vunsutvs
677 303 871 367 srvulls
892 302 1013 367 lrvn
1034 301 1327 366 Auscflruvrt
1391 341 1394 349 ‹

259 477 362 554 στίνι
380 504 439 550 ται
431 472 633 565 δαινοίζοο
651 501 756 548 ιιιιιιιιι
778 497 910 547 versum
934 475 1071 546 efficere
1090 475 1253 561 debebat,
1280 474 1367 544 anti

257 579 420 672 strophae
435 580 653 668 adiiceretur,
678 602 849 671 quumque
864 579 1086 670 explicatione
1099 578 1277 671 indigeret,
1303 576 1367 645 ud·

257 685 497 754 scriberetur'
479 711 518 758 ro
536 677 696 781 δοίιιριισι.
747 685 816 770 Sic,
832 684 968 752 detecto
981 684 1100 751 erroris
1116 683 1262 774 origine,
1288 680 1366 750 nul-

257 787 294 855 lo
311 786 493 854 mutatione
507 786 598 856 fucta
615 796 650 854 et
662 794 768 855 metra
784 793 1025 874 exaequantur,
1051 794 1086 852 et
1100 782 1368 873 sensui'utroqne

256 889 292 958 in
311 890 391 958 loco
418 890 614 973 consulitur,
640 889 804 978 simulque
823 889 1024 958 vocobulum
1038 896 1162 979 poetae
1177 909 1273 956 suurn
1293 886 1367 955 rin-

257 991 405 1077 dicatur,
438 991 541 1080 idque
566 991 662 1060 hond
684 1015 805 1082 purum
820 992 1041 1061 memorabile
1063 999 1205 1082 propter
1222 990 1368 1058 formum

259 1113 391 1164 numen
380 1093 596 1185 pluralis,
586 1095 723 1180 iniuria,
748 1104 785 1163 ut
805 1095 943 1186 opinor,
969 1103 1158 1184 suspectam
1179 1083 1369 1162 Schoelero

260 1197 307 1265 ud
324 1197 461 1286 Dionys.
478 1196 559 1264 Hal.
580 1197 625 1266 de
639 1206 750 1268 struet.
770 1219 819 1266 or.
839 1221 876 1290 p.
895 1193 980 1267 355.
1002 1207 1036 1265 et
1057 1197 1102 1266 ad
1124 1196 1233 1270 schol.
1255 1195 1371 1288 Apol-

262 1299 331 1368 lon.
354 1297 472 1366 Rhod.
493 1321 529 1390 p.
552 1299 637 1369 208.

235 1455 259 1517 o
364 1451 538 1520 Interdum
555 1451 666 1521 versus
686 1453 913 1544 reperiuntur,
948 1476 1006 1542 qur
994 1451 1120 1542 quod
1145 1449 1372 1542 explicationis

261 1555 412 1646 speciem
431 1551 575 1640 habent,
615 1577 680 1647 pro
701 1556 841 1624 insititiis
862 1556 971 1624 habiti
997 1565 1080 1624 sunt.
1130 1555 1252 1624 Editor
1270 1555 1373 1622 Glos-

261 1658 416 1748 guensis‚
442 1680 544 1745 quem
563 1658 622 1745 qui
639 1659 827 1727 Porsonurn
844 1682 913 1729 esse
926 1668 1103 1752 putarunt,
1126 1680 1194 1726 non
1218 1657 1294 1726 sotis
1319 1655 1371 1724 vi-

261 1759 384 1828 dentur
412 1761 529 1851 magni
557 1760 646 1828 illins
674 1762 736 1830 viri
761 1783 892 1830 morem
926 1763 1100 1853 cognitum
1129 1760 1305 1846 habuisse,
1336 1759 1372 1826 in

261 1861 569 1994 Agamemnonev'.
587 1861 648 1931 88.
667 1864 727 1932 ubi
748 1861 836 1934 hoec
859 1866 1036 1957 leguntur,

216 2039 217 2042 ¹
312 2084 314 2088 ,
412 2006 559 2088 πάντων
583 2012 622 2087 δὲ
648 2015 746 2089 θεοῖν
769 2015 843 2090 coir
865 2011 1094 2113 ἀστυνόμον,

411 2110 588 2210 octono,
599 2117 769 2210 χθονίων,

413 2217 486 2292 τοῖν
505 2214 544 2291 τ’
569 2215 767 2315 οὐρανίων,
792 2220 866 2294 τοῖν
886 2217 925 2296 τ’
941 2217 1138 2320 αγοροίων,
1188 2227 1192 2238 ’

514 2319 633 2414 βωμοί
655 2316 804 2421 δώροισι
824 2325 1034 2420 φλέγονται,

258 2493 410 2559 versum,
451 2472 608 2562 quiante
636 2475 790 2546 ultimum
821 2485 888 2560 est,
928 2477 1021 2547 uncis
1043 2476 1190 2561 inclusit,
1234 2481 1372 2542 anctore
1483 2468 1490 2480 '

258 2573 409 2642 Heotlrio
434 2574 492 2666 *):
518 2598 619 2664 quem
640 2600 772 2645 versum
797 2578 954 2666 equidem
972 2599 1039 2645 non
1059 2581 1166 2646 minus
1187 2578 1371 2668 genuinum

224 2735 230 2747 ,
258 2699 330 2744 esse
352 2687 455 2768 puto,
483 2701 585 2766 quam
608 2700 693 2766 quos
707 2679 741 2745 in
756 2678 876 2746 eodem
890 2680 1022 2763 fabulo,
1047 2679 1222 2771 ingeniose
1239 2700 1316 2744 sane
1337 2684 1372 2742 et

231 2781 235 2792 ‘
257 2799 325 2846 non
346 2780 415 2848 sine
437 2781 549 2870 specie
567 2780 654 2865 veri,
681 2802 789 2868 eaque
811 2781 911 2851 etiam
933 2805 952 2848 a
974 2789 1083 2851 metro
1104 2792 1137 2852 et
1152 2777 1370 2870 antistrophi·

257 2903 375 2951 corum
390 2884 471 2974 lege
486 2882 681 2971 desumpta,
707 2883 879 2951 Scidlerus
895 2884 939 2953 de
956 2907 1053 2952 verss.
1074 2884 1212 2956 dochm.
1232 2907 1269 2977 p.
1282 2879 1370 2951 4⁰8.

257 2983 445 3070 damnavit,
470 3006 501 3052 v.
526 2980 638 3074 1530.

410 3131 476 3210 oric
503 3130 744 3235 ἀνελεύθερον
765 3133 873 3232 οἶμαι
894 3131 1063 3213 θάνατον

410 3238 507 3338 epiris
529 3241 712 3333 γενέσθαι.

257 3389 329 3462 Sed
345 3389 426 3458 nolo
447 3387 500 3458 his
518 3391 705 3480 immorari,
732 3416 818 3482 quoe
840 3393 1031 3485 longiorem
1046 3394 1304 3488 disputationem
1316 3389 1374 3465 re-

257 3495 404 3584 quirunt.
454 3492 548 3565 Illud
569 3498 688 3581 miror,
722 3495 886 3565 editorem
916 3495 1161 3591 Glasguenscm
1190 3523 1259 3568 non
1280 3501 1373 3569 uncis

258 3598 431 3666 inclusisse
446 3594 564 3671 hoec
554 3624 589 3667 ιιι
614 3601 709 3691 Sept.
734 3599 778 3678 ud
788 3600 955 3679 Theba
955 3599 1073 3670 .890.
1101 3600 1164 3676 οὐκ
1184 3609 1241 3678 εἰιι
1233 3603 1370 3700 φιλίᾳ,

99 3797 106 3816 ,
188 3753 202 3757 -
260 3696 342 3774 α’λί.
364 3694 540 3797 ἐπίφόνῳ
564 3704 790 3800 διεκρίθητε,
817 3713 994 3793 quactum
1016 3707 1217 3776 manifesto’
1208 3715 1374 3798 rnterpre-

259 3803 301 3869 tis
317 3805 427 3872 verba
443 3814 535 3887 sunt,
559 3816 597 3873 ut
620 3830 688 3875 non
708 3806 861 3892 videam,
888 3810 1063 3927 quomodo
1083 3808 1120 3876 id
1143 3810 1250 3878 ullum
1268 3811 1374 3878 latere

260 3906 410 3995 potuerit
426 3906 586 3978 criticum.
602 3992 605 3997 1
638 3909 790 3988 Tametsi
811 3932 920 4000 nuper
933 3910 1082 4000 priorem
1095 3912 1298 3984 versiculum
1311 3914 1374 3981 de-

305 4190 337 4276 *)
359 4193 442 4254 Fecit
462 4193 495 4255 id
516 4195 678 4276 profecto
667 4217 732 4279 rpse
752 4196 932 4258 Porsonus
921 4217 954 4258 ιιι
976 4217 1025 4278 cu,
1061 4221 1139 4282 quoe
1160 4205 1286 4284 genuina
1311 4201 1375 4265 eius

264 4287 309 4340 ot
330 4276 473 4360 Aeschyli
494 4279 596 4342 editio.
