3080 5054
306 387 729 454 TETRALOGIARVM
754 386 1081 456 annololnvlt
1184 390 1250 457 tlt

172 575 211 640 ,,’
238 561 359 634 Paucis
379 563 526 652 denique
550 561 847 633 commemoranda
870 571 920 632 est
937 560 1189 654 Psyohostasia‚
1213 563 1250 632 ln

133 689 203 757 qua
219 667 344 735 animas
357 665 550 736 Memnonis
566 674 600 734 et
614 663 759 736 Achillis
783 667 938 757 luppiter
959 667 994 734 iu
1013 666 1148 737 bilance
1162 689 1251 758 pen·-

132 770 272 855 sitabat,
297 759 500 840 adstantibus
526 779 560 838 et
579 769 728 838 liliorum
748 769 783 837 in
804 769 897 838 bello
918 792 1094 840 caesorum
1121 789 1251 840 caumas

134 873 308 942 orantibus
326 874 462 942 Aurora
482 882 516 941 et
528 871 690 941 Thetide.
735 872 842 942 —Hanc
860 873 1014 942 fahrdam
1038 873 1162 942 silicet
1181 880 1253 940 ter-
1282 955 1286 965 y
1431 909 1434 925 ι

131 978 217 1045 tiam
236 976 423 1045 existimare
436 976 611 1067 trilogiae,
637 974 730 1045 cuius
746 976 866 1067 'prima
884 975 1070 1061 Memnon,
1104 973 1251 1044 secunda

133 1078 299 1148 Nereides
313 1078 455 1165 fuerint,
480 1079 620 1174 egregie
633 1079 839 1170 conspirabit
854 1101 933 1148 curn
952 1101 1012 1164 eo,
1038 1079 1133 1168 quod
1149 1097 1252 1168 supra

133 1191 173 1250 nt
192 1182 381 1273 legitimum
401 1185 590 1273 posuimus,
630 1183 744 1250 tertias
764 1181 958 1276 tragoedias
980 1182 1165 1274 spectaculi
1184 1201 1251 1252 no·

132 1285 235 1354 vitate
259 1293 294 1354 et
313 1285 546 1378 magnitudine
563 1283 748 1356 eminuisse.

165 1539 169 1546 .
236 1475 353 1560 Multo
375 1490 547 1562 difficilius
567 1499 635 1576 est,
662 1489 707 1560 de
718 1490 910 1583 Euripidcis
924 1491 1067 1585 trilogiia
1091 1488 1250 1559 iudicare.

134 1593 301 1663 Videntur
321 1605 435 1664 tamen
456 1617 536 1680 eae,
558 1616 641 1684 quas
657 1617 759 1686 supra
772 1596 1030 1684 nominavimus,
1054 1612 1123 1663 non
1143 1592 1252 1662 minus

135 1698 336 1783 confirmare
350 1699 546 1767 sententiam
561 1706 719 1782 nostram,
745 1720 848 1787 quam
862 1693 1086 1788 Aeschyleae.
1121 1694 1252 1765 Medea

134 1789 290 1890 quidem,
324 1824 427 1892 quam
447 1801 653 1871 Philoctetes
677 1810 711 1868 et
734 1800 853 1890 Dictys
873 1802 1103 1891 excipiebant,
1139 1797 1252 1892 gravia
1323 1875 1326 1892 .

135 1913 170 1971 et
185 1927 300 1973 severa
321 1906 439 1976 fabula
455 1915 520 1991 est,
545 1913 583 1973 ut
605 1926 681 1973 eam
701 1903 778 1974 hoo'
791 1905 926 1974 nomine
946 1913 1039 1977 recte
1061 1924 1139 1975 oum
1153 1906 1254 1994 Aga·-

132 2030 313 2076 memnone
329 2010 520 2100 comparari
538 2009 647 2078 liceat.
671 2041 674 2048 ·
699 2007 771 2088 Sed
790 2007 834 2077 de
855 2007 1050 2078 Philocteta
1074 2015 1109 2076 et
1129 2006 1253 2093 Dictye

131 2132 222 2199 quae
248 2109 345 2176 nobis
366 2121 445 2178 nota
468 2117 560 2194 sunt,
598 2130 667 2176 non
694 2110 882 2195 sufficiunt,
915 2120 969 2194 ut,
1009 2133 1112 2198 quam
1140 2107 1256 2176 similis

129 2214 213 2281 illae
235 2210 385 2280 Medeae
413 2220 470 2279 ant
494 2211 669 2282 dissimiles
698 2210 838 2296 fuerint,
879 2211 1047 2280 coniicere
1076 2210 1253 2301 possimus.

131 2315 268 2384 Eadem
296 2315 383 2383 illius
410 2314 567 2405 trilogiae
590 2313 675 2381 ratio
705 2321 770 2400 est,
803 2315 839 2380 in
859 2334 927 2402 qna
952 2312 1155 2382 Phoenissae
1176 2333 1254 2380 me-

134 2418 213 2486 diae
232 2418 367 2486 fuerunt
386 2418 472 2486 inter
489 2416 706 2508 Hypsipylen
728 2421 763 2483 et
784 2415 986 2506 Antiopamz
1010 2413 1147 2484 sedhic
1164 2435 1254 2504 quo·

132 2543 203 2612 que
230 2520 264 2587 in
288 2520 402 2590 media
420 2520 537 2588 fabula
557 2517 685 2609 aliquid
706 2539 833 2608 operae
853 2519 990 2590 canticis
1017 2518 1134 2586 datum
1155 2509 1261 2586 vide-'

133 2646 225 2694 muse
245 2648 248 2654 ¹
264 2622 556 2711 quemadmodum
576 2623 612 2690 in
635 2643 684 2698 ea¹
701 2622 860 2713 trilogia,
904 2643 993 2712 quae
1010 2620 1253 2704 Alexandrum,

132 2723 371 2814 Palamedem,
406 2735 459 2811 et,
493 2727 521 2794 si
550 2734 645 2796 reete
666 2723 810 2795 coniecit
832 2724 1065 2816 Musgravius,
1096 2723 1253 2794 Troades

134 2830 328 2900 continebat
334 2864 350 2915 ,·
370 2829 488 2898 ultima
500 2829 616 2898 fabula
632 2828 817 2920 praecipue
832 2828 867 2895 in
880 2837 980 2898 cantu
995 2837 1164 2921 occupata
1179 2827 1252 2896 fnit.

134 2931 267 3004 cernor
287 2956 340 3002 res
363 2941 413 3002 est
433 2932 470 3000 iu
489 2932 548 3000 illa
566 2931 722 3024 trilogia,
756 2955 844 3021 qnae
864 2930 1016 3001 hahebat
1034 2931 1254 3052 Iphigeniam

133 3035 170 3104 in
193 3036 337 3125 Aulide,
370 3035 574 3120 Alcmenen,
616 3044 651 3105 et
673 3035 840 3106 Bacchas.
897 3034 1052 3119 Quarum
1078 3044 1139 3102 etsi
1165 3053 1253 3120 quae
1421 3091 1425 3100 ,

133 3137 249 3208 media
267 3140 354 3222 fuit,
386 3161 455 3206 non
481 3146 607 3222 exstat,
640 3137 751 3227 prima
779 3140 893 3204 autem
915 3144 949 3203 et
968 3134 1069 3204 valde
1092 3145 1254 3223 corrupta
1386 3141 1388 3144 ’

135 3249 172 3311 et
185 3242 274 3310 miris
295 3239 405 3310 modis
424 3239 626 3332 interpolata
651 3247 717 3321 est,
742 3247 856 3304 tamen
872 3246 1034 3326 quantum
1054 3237 1098 3304 ab
1116 3260 1157 3305 ea
1180 3236 1254 3304 dii-

133 3344 246 3413 ferant
260 3341 441 3430 Bacchae,
466 3363 608 3431 quarum
632 3339 734 3433 plane
749 3338 833 3408 alius
856 3338 954 3408 color
975 3347 1043 3424 est,
1069 3362 1170 3428 nemo
1184 3361 1253 3408 non

133 3447 238 3516 videt.
294 3449 413 3536 anue
439 3445 557 3515 fabula
583 3442 722 3512 furemis
755 3441 917 3528 Penthei,
955 3442 1254 3530 insanientiumque

132 3548 350 3621 Baccharum
371 3549 566 3641 spectaculo
590 3568 659 3615 non
680 3546 787 3615 minus
808 3545 944 3632 oculos,
979 3569 1082 3635 quam
1101 3544 1254 3616 cantico-

133 3676 211 3722 rum
231 3652 444 3722 vehementia
466 3674 561 3722 aures
583 3649 756 3720 retinuerit
777 3671 915 3718 necesse
940 3657 1004 3735 est,
1029 3657 1067 3716 nt
1087 3647 1133 3716 ad
1158 3668 1254 3716 eam-

135 3756 216 3826 dem
236 3757 400 3825 rationem
414 3755 506 3828 facta
518 3754 688 3840 videntur,
714 3752 759 3823 de
783 3775 851 3843 qua
866 3773 972 3844 snpra
998 3752 1034 3820 in
1055 3749 1255 3822 Eumenidi-

133 3859 198 3930 bns
220 3859 351 3930 dictum
370 3867 437 3929 est,

239 4062 388 4135 Omnino
411 4072 543 4151 autern,
568 4061 687 4152 quales
705 4061 862 4131 Troades
885 4067 978 4145 sunt,
1009 4058 1096 4129 aliae
1115 4081 1255 4150 qnoque

134 4166 169 4236 in
189 4165 383 4260 Euripideis
397 4166 535 4251 fabalia,
561 4188 690 4256 eaeque
705 4164 875 4234 breviores
888 4165 961 4234 fere
978 4163 1176 4255 tragoediae
1199 4165 1254 4232 in-

31 4338 37 4342 .
133 4271 327 4359 veniuntur,
359 4293 447 4360 quae
466 4269 673 4341 canticorum
694 4268 852 4338 varietate
872 4267 919 4336 ita
935 4275 1016 4336 sunt
1033 4275 1252 4361 temperatae,

134 4382 174 4443 ut
195 4396 237 4444 eo
262 4377 298 4455 in
320 4373 465 4470 trilogiis
488 4371 607 4446 officio
628 4372 765 4446 iunctae
784 4371 976 4459 videantur,
1011 4371 1106 4464 quod
1132 4369 1299 4444 ehoe-14

457 4751 467 4769 Ι
565 4768 598 4806 ,Ι
