3120 5030
220 1311 318 1397 ou
386 1303 785 1402 auscnrul
854 1307 1199 1446 convers

304 1511 307 1518 ⁴
382 1498 941 1590 orssunnnu‘ro
988 1498 1041 1612 t).

607 1796 814 1816 *-

155 2055 293 2160 lenaeus
319 2090 555 2176 casaubonus,
595 2115 701 2180 quum
725 2091 887 2186 Aeschyli
912 2092 1082 2163 Glaucum
1106 2086 1295 2160 Potnias-s

154 2217 227 2262 sem
262 2218 332 2263 non
367 2195 472 2263 semel
506 2220 526 2264 a
557 2196 724 2262 veteribus
761 2196 1020 2266 commemorari
1057 2194 1270 2276 meminisset,

8 2349 10 2376 ;
155 2319 223 2366 uec
245 2297 497 2382 recordaretur,
521 2297 633 2365 Pontii
647 2319 785 2387 quoque
804 2300 928 2368 Glauci
943 2297 1113 2366 interdum
1125 2296 1271 2364 mentio·-

8 2409 9 2480 ξ
155 2423 237 2468 nem
257 2399 349 2483 ficri,
390 2399 484 2488 apud
507 2398 720 2466 Athenaeum
741 2402 802 2467 ΠΙ.
832 2423 868 2491 p.
890 2399 951 2467 8'6.
982 2401 1025 2468 A.
1058 2404 1095 2470 iv
1119 2401 1275 2468 Horusei'

156 2496 311 2596 Γλαύκῳ
326 2521 391 2592 pro
407 2506 446 2574 ἐν
464 2499 612 2593 Ποντίῳ
628 2495 778 2596 Γλαύκῳ
795 2500 1009 2570 scribendum
1026 2499 1161 2569 censuit.
1202 2497 1278 2566 cue·

156 2606 210 2672 ius
231 2626 380 2672 errorem
406 2603 464 2692 qui
484 2603 627 2687 nonsit,
659 2604 757 2672 lanus
779 2606 979 2697 Rutgersius
1000 2605 1035 2671 iu
1057 2603 1137 2672 Var.
1163 2603 1274 2670 Lecti.

139 2707 203 2774 ·11.
218 2704 254 2775 6.
270 2705 380 2799 pffl
399 2706 615 2776 scholiastam
629 2706 817 2798 Euripidis,
843 2709 1042 2800 scriptorem
1063 2707 1152 2775 vitae
1167 2704 1273 2789 Arati,

158 2809 361 2879 Strabonem
379 2809 661 2896 Athenaeumque
681 2821 835 2880 auctores
850 2813 1041 2896 nominans,
1066 2812 1140 2903 ipse
1160 2808 1275 2900 neglis-

158 2914 295 3005 gentiac
321 2913 618 3004 reprehensionem
638 2915 717 2982 tulit
741 2917 785 2984 ah
804 2917 981 2985 novhsimo
1006 2915 1136 2983 editore
1162 2912 1274 2983 Athe-

160 3017 255 3103 naei,
278 3017 416 3102 iniuria,
442 3016 563 3085 saltem
581 3018 676 3103 quod
703 3019 748 3088 ad
769 3020 872 3088 vitam
892 3020 987 3088 Arati
1013 3018 1146 3100 attinet,
1171 3036 1274 3103 quam

159 3117 236 3204 hio,
268 3119 362 3208 quod
389 3119 513 3205 miror,
544 3119 672 3190 nullam
700 3145 736 3192 se
759 3146 855 3191 nosse
880 3121 1011 3205 scribit,
1044 3121 1079 3186 in
1106 3141 1187 3208 qua
1201 3118 1275 3186 Ae·-

162 3222 273 3312 schyli
291 3223 443 3292 Glaucus
472 3231 695 3305 memoretu13
733 3247 797 3296 nec
825 3224 870 3293 de
899 3224 1081 3292 scholiasta
1102 3220 1275 3312 Euripidis

159 3327 253 3393 litem
273 3348 428 3394 moveam
449 3325 650 3416 Ratgersio,
683 3328 742 3416 qni
771 3339 828 3398 aut
856 3327 1019 3396 ineditum
1050 3327 1185 3411 citasse,
1218 3331 1276 3390 aut

14 3513 15 3536 Χ
160 3429 282 3498 vitioso
299 3428 420 3498 codice
439 3429 476 3496 in
492 3429 630 3498 Phoco:
647 3429 758 3501 1229.
781 3431 927 3524 (1201.)
943 3455 1020 3500 usus
1038 3429 1179 3499 videtur.
1204 3423 1278 3493 Sed

161 3531 229 3599 iarn
258 3541 335 3600 ante
357 3532 575 3624 Rutgcrsium
600 3532 737 3604 Paullus
768 3534 969 3627 Leopardus
995 3531 1186 3600 Emendatt.
1215 3527 1276 3595 xl.

15 3715 17 3750 r
162 3632 223 3704 24.
242 3645 277 3705 et
295 3630 355 3704 25.
405 3635 618 3704 Potnienscm
635 3637 806 3714 Glaucum
825 3662 846 3705 a
865 3637 985 3708 Pontio
1004 3630 1277 3724 distinguendum

163 3761 235 3807 esse
255 3747 448 3826 monuerat,
473 3760 542 3806 uon
563 3737 678 3830 inepte
704 3738 820 3809 Ovidii
836 3739 945 3807 verbis
968 3717 1121 3846 insihide
1142 3757 1173 3802 v.
1190 3728 1276 3801 557.

160 3863 254 3911 usus:

264 3979 480 4050 Patiundum
498 3999 635 4048 morasus
657 3978 801 4067 subeas,
827 3989 867 4050 nt
889 3980 1068 4061 Glauctas,
1095 3996 1276 4072 equarum,

316 4084 419 4188 inque
432 4084 545 4154 mans
562 4083 693 4170 eoliae,
726 4083 886 4156 Glaucus
903 4092 941 4153 ut
956 4084 1067 4168 aiter,
1093 4101 1216 4172 αφιαε.

203 4354 235 4436 *)
258 4354 346 4420 uuio
367 4366 414 4418 cat
440 4377 466 4417 a.
480 4361 581 4426 1812.
634 4379 639 4395 ·
