3078 5026
583 357 827 420 PERSIS.
1095 367 1098 374 “
1220 361 1261 422 91

148 529 339 624 ingenium,
366 528 461 619 quod
481 528 538 599 rel
552 529 753 620 imperfecto
766 550 872 621 opere
888 527 981 596 idem
995 528 1142 615 efficere,
1168 527 1263 619 quod

149 633 414 729 perfectissimo,
445 632 616 723 potuerit?

250 768 322 838 S'ed
336 767 456 839 clarius
481 767 568 837 haec
582 768 772 836 elucescent
791 766 979 834 inventione
995 763 1132 832 fabulae
1153 766 1264 834 oonsi-

149 873 311 942 deranda.
361 869 559 941 Adduxerat
580 869 714 939 cladem
734 871 912 938 Persarum
934 869 969 935 in
996 889 1130 938 scenam
1150 867 1263 957 Phry·
1336 873 1340 888 '

148 975 284 1058 nichus,
312 971 419 1042 choro
434 997 525 1059 usus,
551 983 590 1043 ut
608 994 734 1041 nomen
751 972 890 1041 fabulae
902 971 1035 1063 prodit,
1061 969 1263 1038 Phoenissa-

114 1067 225 1147 ⁸rum
248 1076 442 1155 mulierum;
476 1076 734 1165 eunuchumque
755 1074 937 1162 adhibens,
979 1074 1037 1164 qui
1066 1074 1101 1140 in
1124 1072 1263 1141 exordio

149 1181 288 1250 {abulae
301 1176 507 1271 principibus
523 1180 662 1252 civitatis
677 1177 796 1247 sedilia
810 1188 953 1246 sternens
967 1226 977 1264 ,
1006 1176 1099 1244 fusos
1119 1176 1264 1245 aGrae-

149 1285 196 1355 cis
225 1285 345 1358 Persas
375 1294 542 1369 narraret,
580 1281 729 1350 similiter
757 1280 910 1367 ordiens,
949 1289 987 1349 ut
1015 1278 1138 1350 ohorus
1170 1277 1263 1372 apud

150 1385 377 1477 Aeschylum,

302 1515 380 1596 ’cdd'
404 1518 481 1596 ἐστὶ
498 1519 651 1616 Περσῶν
674 1518 747 1594 τοῖν
764 1511 877 1592 πάλαι
892 1511 1110 1618 βεβηκότων.

148 1657 250 1727 Haec
269 1679 310 1727 ex
334 1657 468 1729 Glauco
493 1656 656 1748 Rhegino
692 1657 728 1724 in
749 1665 949 1747 argumento
985 1656 1162 1726 Persarum
1190 1657 1263 1727 Ae-

149 1760 262 1852 schyli
281 1763 385 1829 relata
398 1769 487 1830 sunt:
513 1781 577 1830 neo
598 1769 734 1851 praeter
755 1758 843 1828 haec
859 1759 1064 1848 quidquam,
1088 1757 1183 1848 quod
1198 1759 1263 1827 ali·
1282 1779 1287 1786 ·

149 1885 252 1954 quem
273 1863 331 1938 hic
354 1887 451 1934 usum
469 1862 612 1950 habeat,
639 1883 681 1932 ex
703 1862 901 1954 fragmentis
918 1862 1009 1932 ,illius
1028 1861 1166 1931 fabulae
1187 1861 1263 1933 col-

147 1967 213 2058 ligi
236 1976 358 2059 potest
409 1967 577 2036 Eamdem
609 1989 681 2036 rem
705 1988 810 2056 quum
833 1975 911 2058 post
931 1965 1163 2055 Phrynichum
1186 1966 1290 2039 ‚te-r

147 2069 285 2158 schylus
304 2070 568 2161 aggrederetur,
605 2079 741 2160 poterat
763 2069 839 2154 hic,
870 2070 940 2138 sive
966 2068 1060 2159 quod
1091 2070 1123 2138 ei
1150 2068 1264 2158 Phry-

148 2172 242 2242 niohi
269 2172 388 2241 fabula
417 2172 629 2263 displiceret,
653 2172 732 2252 *sive
761 2194 805 2238 ne
835 2172 931 2260 sequi
956 2173 1054 2240 illum
1083 2171 1264 2256 videretur,

147 2296 285 2366 prorsus
307 2275 408 2344 aliam
426 2275 514 2342 viam
537 2274 639 2357 inire3
672 2282 809 2365 poterat
832 2275 951 2357 etiam,
990 2273 1142 2358 servatis,
1177 2296 1265 2362 quoe

146 2388 241 2448 reete
269 2375 456 2444 instituisset
481 2374 714 2464 Phrynichus,
754 2383 899 2459 mutare,
939 2397 1028 2463 quae
1049 2377 1157 2443 minus
1184 2383 1266 2465 apta

148 2499 221 2550 esse
243 2479 390 2546 sentiret.
440 2478 484 2545 ld
506 2498 589 2545 vero
608 2476 709 2544 fecit:
744 2497 908 2564 quaeres
934 2485 967 2544 et
989 2475 1070 2566 ipsi,
1098 2486 1131 2547 et
1152 2476 1266 2566 Phry·-

148 2579 253 2652 nicho
273 2578 369 2648 laudi
389 2588 453 2648 est:
477 2580 561 2672 ipsi,
586 2578 681 2668 quod
700 2599 789 2663 non,
814 2587 853 2646 ut
872 2578 908 2646 in
926 2578 1128 2667 quibusdam
1143 2579 1266 2649 fabulis

150 2681 352 2775 Euripides,
378 2705 465 2752 nova
489 2683 574 2774 aptis
594 2683 770 2774 praetulit3
803 2679 1020 2772 Phrynicho,
1046 2683 1141 2772 quod
1165 2684 1265 2752 huius
1339 2691 1341 2696 '

150 2786 313 2858 iudicium
327 2786 371 2853 ab
390 2808 523 2882 'summo
540 2795 646 2877 poeta
656 2785 891 2854 confirmatum
914 2785 1077 2856 videmus.
1128 2786 1266 2856 Conve-
1323 2809 1328 2816 ’
1380 2825 1382 2830 s

150 2898 271 2960 nemnt
289 2898 401 2958 autem
421 2892 523 2958 ambo
544 2889 655 2973 ineo,
681 2886 776 2979 quod
789 2910 863 2958 rem
887 2911 993 2959 nonu
1015 2890 1175 2976 Graecis,
1203 2889 1266 2960 sed

150 2991 310 3075 aPersis‚
335 3014 446 3081 neque
459 2994 493 3060 in
513 2992 676 3088 Graecia,
702 2991 764 3060 sed
783 2993 818 3059 in
836 2993 953 3062 Persia
979 2995 1055 3085 geri
1077 2995 1265 3064 voluerunt.

149 3093 367 3187 Magnopcre
390 3096 478 3164 enirn
499 3089 689 3180 fallmctur,
714 3095 774 3185 qui
793 3103 945 3184 putaret,
970 3096 1079 3187 aptius
1101 3092 1267 3165 celebrari
1302 3163 1310 3182 Ι

138 3197 305 3268 κνὶηῑιίοιο
320 3198 532 3268 Graecorum
551 3198 718 3289 potuisse,
743 3197 771 3264 si
783 3198 850 3288 ipsi
864 3198 1007 3267 feliciter
1026 3197 1160 3268 hostem
1181 3221 1266 3293 pro-

150 3301 304 3394 fligantes
327 3301 362 3369 in
393 3323 528 3372 scenam
552 3310 660 3370 essent
682 3297 874 3386 introducti.
923 3302 1014 3370 Nam
1039 3311 1078 3372 ut
1104 3303 1142 3370 id
1166 3325 1266 3387 nuuc,

148 3405 249 3473 robus
267 3404 331 3472 illis
353 3425 395 3472 ex
417 3412 578 3474 vetustate
597 3403 851 3474 admirationem
877 3413 910 3474 et
933 3405 1267 3478 veluti-sanctitatem

149 3505 300 3597 adeptis,
324 3515 416 3578 recte
434 3509 549 3594 fieret,
581 3519 617 3576 et
638 3507 827 3598 Phrynichi
846 3508 1079 3597 Aeschyliqne
1101 3504 1267 3590 aemilii,

14 3640 15 3688 l
149 3610 209 3699 qui
229 3612 349 3681 Persas
371 3610 546 3702 fugarant,
579 3633 648 3678 non
662 3619 829 3700 poterant,
853 3619 959 3678 semet
981 3610 1061 3700 ipsis
1083 3608 1266 3700 spectanti-

147 3713 230 3800 buS,
255 3713 324 3782 sine
341 3713 529 3782 offensione
549 3713 586 3780 in
604 3734 739 3780 scenam
758 3711 915 3801 produci.
966 3713 1119 3782 Tametsi
1141 3711 1178 3781 id
1201 3712 1266 3780 mi-

149 3837 213 3884 nus
235 3815 377 3886 fortasse
403 3825 452 3884 est
477 3815 676 3902 ridiculum,
717 3838 820 3904 quam
846 3813 1013 3886 videbitur
1040 3839 1121 3884 esse.
1179 3817 1268 3884 Nam

150 3916 276 3988 chorus
302 3919 441 4008 quidem
464 3920 676 3990 Graecomm
704 3920 933 3988 non‘multum
966 3919 1135 3988 habuisset
1156 3919 1268 3988 offen-

149 4021 267 4107 sionis,
291 4030 329 4090 ut
349 4045 418 4092 nou
434 4043 475 4091 ex
498 4023 595 4093 certis
613 4033 647 4092 et
663 4024 749 4091 notis
764 4024 916 4113 personis
930 4031 1101 4108 constans,
1117 4023 1186 4092 sed
1200 4045 1268 4114 po—

150 4125 224 4214 puli
243 4125 385 4194 universi
400 4128 510 4194 vicem
528 4127 697 4196 sustinens.
748 4131 796 4196 At
820 4147 905 4218 opus
929 4135 1001 4195 erat
1019 4126 1120 4194 etiam
1143 4130 1269 4198 aetors

152 4229 216 4296 bus
240 4229 448 4320 singulorum
468 4229 631 4318 partium:
672 4229 780 4318 quisi
802 4238 961 4301 certaset
987 4239 1083 4299 notas
1106 4253 1267 4323 personas

153 4323 318 4424 egissent,
351 4331 455 4403 veluti
477 4330 745 4406 Themistoclem
764 4331 820 4405 rel
839 4333 1087 4426 Eurybiadem,
1117 4333 1155 4404 id
1186 4355 1266 4405 vero
