3080 5054
743 271 747 278 ·
813 270 816 276 ‚
1182 253 1191 294 ›

327 337 474 429 'neers
504 364 806 433 sonruurnvs
836 365 1142 432 srn1sancvn.
1226 374 1294 438 aar

180 541 274 626 lans,
298 561 368 628 quo
385 541 540 632 regibus,
566 541 660 632 quod
678 544 714 610 in
726 539 865 634 ,privatis
881 542 977 634 gravi
1003 541 1171 633 supplicio
1194 543 1295 634 puni-

181 653 256 728 tur,
281 665 350 710 non
369 643 473 714 mode
487 645 643 736 impune,
674 645 851 714 sedetiam
868 667 946 714 oum
968 645 1071 719 laude
1088 645 1217 716 licitum
1242 669 1295 714 es-

179 755 240 830 set,
256 755 428 836 postremo
444 748 660 816 certissimum
676 748 1066 817 invenitbelliinsereudi
1080 747 1294 846 praesidium,
1329 785 1332 789 ·

181 849 420 936 aequilibrium
443 851 614 918 civitatum
639 861 848 934 commenta,
874 875 961 939 quae
983 851 1194 941 apertissima*
1210 872 1295 920 con·

180 952 280 1018 lessio
297 962 365 1037 est,
390 954 517 1021 nullam
536 954 719 1042 ciritatibus
735 956 822 1024 inter
843 957 933 1044 ipsas
948 953 1155 1024 intercedere
1173 955 1295 1022 sancti-

180 1055 386 1142 tenemium,
412 1055 483 1144 sed,
510 1060 662 1125 omnibus
679 1058 724 1125 ad
742 1059 897 1128 iniuriam
912 1058 1037 1148 pronis,
1052 1058 1126 1126 solo
1145 1081 1201 1126 eas
1216 1079 1293 1124 mu-

171 1165 241 1224 tuo
256 1167 349 1225 metu
366 1158 529 1229 cohiberi.
578 1161 723 1231 Scilicet
730 1163 939 1251 populorum
955 1160 1045 1228 hauc
1057 1184 1127 1228 esse
1145 1159 1190 1228 ad
1205 1160 1293 1228 iniu-

167 1261 243 1326 «rias
258 1263 519 1352 propensionem
535 1255 718 1348 simulant,‘
734 1285 821 1353 quae
842 1285 914 1330 non
927 1266 1087 1355 ipsorum¹
1103 1272 1153 1331 est
1174 1269 1318 1354 popu-tl

166 1365 308 1447 lorum,
334 1366 394 1433 sed
409 1365 564 1451 illorum,
591 1368 650 1457 qui
670 1369 837 1457 imperant
853 1368 1010 1457 populiS‚
1036 1367 1174 1434 laedere
1190 1390 1292 1455 quam

168 1467 270 1534 laedi
285 1470 384 1535 tutius
400 1471 639 1538 arbitrantium.
690 1473 738 1539 At
746 1473 832 1538 inter
848 1471 955 1539 cultas
977 1471 1128 1538 nationes
1141 1491 1211 1537 nen
1226 1471 1293 1538 mi·

169 1591 239 1636 -nus
259 1593 364 1660 parva
386 1593 494 1663 regna
516 1583 588 1640 tuta
612 1582 704 1658 sunt,
739 1597 842 1663 quam
866 1596 953 1662 quae
977 1574 1161 1663 plurimum
1177 1581 1291 1643 terrae

177 1673 345 1759 obtinent,
397 1676 607 1766 maximaque
646 1672 820 1744 abundant
858 1676 1033 1744 hominum
1068 1675 1291 1744 multitudine.
1363 1751 1365 1762 Ι

176 1775 312 1844 Etenim
327 1776 487 1867 privatos,
513 1802 658 1869 quorum
672 1803 807 1870 semper
821 1780 922 1869 aliqui
939 1779 1133 1848 rudessunt
1148 1788 1182 1846 et
1197 1779 1291 1846 fero·-

168 1899 252 1963 ωε,
271 1880 371 1947 facile
388 1881 433 1948 ad
454 1883 608 1952 iniuriam
621 1885 676 1952 vel
696 1883 938 1972 lemellense,
964 1883 1025 1950 uisi
1042 1893 1134 1950 metu
1157 1871 1291 1972 poenae

176 1993 412 2069 coerceantur,
439 1988 643 2055 exstimulata
668 1988 817 2079 populos
833 1999 955 2070 autem,
980 1987 1040 2054 nisi
1057 1985 1115 2075 qui
1132 1985 1172 2054 iis
1188 2007 1290 2076 prac-

177 2093 269 2169 sunt‚
295 2086 423 2155 bellum
438 2090 514 2178 geri
525 2090 643 2171 velint,
668 2092 855 2180 aegerrime
873 2111 965 2156 arma
982 2112 1058 2156 cum
1072 2090 1167 2178 pacis
1192 2099 1289 2154 tranv-

165 2173 338 2274 quiilitate
356 2199 564 2259 commutare
578 2191 749 2259 videmus:
775 2193 833 2280 qui
849 2213 952 2276 quum
970 2191 1008 2256 id
1031 2191 1157 2278 faciunt
1174 2191 1239 2278 ipsi
1256 2198 1290 2258 et

173 2301 295 2380 sponte
310 2315 387 2378 sua,
412 2294 528 2360 nonin
545 2294 629 2361 alios
642 2294 811 2384 populos,
838 2291 949 2360 sedin
965 2315 1040 2360 suos
1063 2293 1215 2383 ipsorum
1233 2300 1289 2379 ty-

163 2409 313 2480 rannos,
339 2405 377 2463 ut
392 2399 435 2465 ab
451 2397 520 2485 his,
546 2419 615 2464 non
631 2399 674 2464 ab
700 2395 886 2480 illis‘laesi,
912 2396 1095 2486 insurgunt.
1146 2396 1200 2462 Ex
1217 2401 1289 2481 quo
1372 2403 1375 2414 ¹

174 2507 329 2587 apertum
347 2509 414 2584 est,
439 2498 533 2570 huuc
547 2500 685 2567 demum
697 2501 826 2567 bonum
843 2522 913 2568 esse
924 2507 960 2566 et
972 2499 1095 2566 iustum
1112 2506 1145 2565 et
1167 2498 1286 2584 utilem

174 2623 308 2691 regem,
336 2603 394 2690 qui
415 2603 541 2672 alienus
562 2603 607 2671 ab
627 2603 687 2670 illa
709 2603 839 2695 gloriae
866 2602 1068 2693 cupiditate,
1102 2624 1190 2690 quae
1213 2601 1287 2668 lae-

171 2702 294 2770 dendis
315 2704 390 2770 aliis
414 2707 572 2795 gentibus
594 2707 740 2797 paritur,
766 2729 845 2774 eum
867 2705 1055 2797 populum,
1089 2727 1191 2793 quem
1213 2705 1287 2794 ipse

162 2804 362 2894 regendum
373 2809 564 2899 acceperit,
591 2811 753 2898 quantum
766 2810 871 2900 possit
891 2809 1030 2878 -fclicem
1051 2808 1194 2879 reddere
1216 2817 1285 2876 stu·-
1312 2817 1316 2832 “

172 2908 262 2975 deat.
312 2910 395 2977 Esto
413 2913 517 2997 enlm,
542 2921 580 2979 nt
596 2935 698 3002 quem
713 2915 839 2982 multae
859 2923 1032 3004 pugnatas
1047 2935 1196 3004 pugnae,
1221 2901 1285 2982 fusi

174 3011 352 3102 fugatique
371 3013 539 3082 fortissimi
562 3017 734 3108 exercitus,
757 3017 1033 3106 statutainsignia
1047 3017 1198 3105 tropaea,
1224 3037 1283 3082 ca-

165 3123 252 3204 ·ptae
269 3139 413 3207 magnae
427 3119 536 3204 urbes,
553 3118 744 3186 debellatae
765 3119 966 3187 clarissimae
989 3125 1117 3208 gentes,
1144 3115 1282 3186 abducti

166 3219 339 3286 ‘numerosi
373 3241 497 3310 greges
527 3221 752 3310 captivorum,
785 3219 935 3311 praedae
957 3220 1115 3310 ingentes*
1135 3217 1281 3286 thesauri

161 3319 311 3388 domum
342 3321 450 3390 avecti
480 3321 609 3391 olarum
631 3332 816 3417 notumque
839 3321 983 3390 reddant
1011 3321 1169 3412 posteris:
1207 3323 1281 3410 quis

168 3425 294 3492 clarior
306 3423 364 3492 his.
374 3427 474 3494 rebus
497 3427 652 3500 omnibus
672 3426 738 3495 luit
758 3425 970 3511 Alexandro,
1004 3449 1089 3516 rege
1111 3424 1281 3493 lllaoedo-

170 3550 269 3612 num,
295 3537 328 3596 et
344 3531 418 3618 quis
437 3537 550 3596 tamen
573 3538 638 3614 est,
668 3529 703 3596 in
727 3552 797 3618 quo
815 3517 924 3621 magis
950 3537 1129 3620 appareat,
1155 3538 1279 3616 quanta

165 3630 303 3700 stultitia
317 3632 376 3718 sit,
400 3653 504 3700 unum
517 3631 691 3699 hominem
708 3633 772 3699 sibi
786 3641 895 3700 totum
917 3635 1005 3701 velle
1030 3641 1192 3700 terrarum
1216 3643 1323 3703 ors-lli

166 3733 246 3800 bem
262 3734 448 3802 subiicere?
472 3735 566 3826 quod
580 3745 618 3802 ut
637 3736 807 3826 perficiat,
833 3735 915 3824 quid
936 3734 1027 3803 aliud
1050 3757 1154 3824 quam
1177 3745 1274 3824 parto

167 3835 376 3905 inlinitesima
390 3838 542 3906 immensi
553 3838 657 3908 'huius
672 3840 815 3908 universi
827 3841 967 3909 subacta
982 3861 1046 3906 una
1064 3861 1142 3908 cum
1153 3836 1275 3910 imme*

166 3941 322 4039 morabili
336 3940 484 4031 hoc,·iu
497 3965 565 4031 quo
580 3943 738 4031 vivimus,
762 3943 963 4035 pulvisculo,
988 3942 1094 4010 multo
1116 3941 1191 4032 ipse
1207 3941 1273 4030 im·-

164 4044 434 4130 memorabilior,
459 4046 615 4116 occidet?
645 4046 720 4114 Sed
741 4045 971 4115 Menandrum
979 4055 1103 4114 ,tamen
1124 4043 1272 4115 ridemus

165 4147 292 4237 magis,
318 4169 419 4236 qnam
435 4157 472 4214 ut
493 4150 524 4216 oi
544 4149 774 4242 indignemur,
800 4151 895 4239 quod
916 4171 1118 4240 generosum
1136 4147 1272 4216 adoles·

57 4277 60 4283 ·
164 4263 297 4318 centem
323 4261 521 4318 nontamen
543 4254 679 4320 avaritia
700 4261 757 4320 urit
780 4255 856 4321 alia„
865 4255 970 4343 turpis
991 4252 1175 4342 cupiditas,
1210 4251 1270 4318 sed

164 4353 254 4422 solus
269 4355 401 4446 gloriae
414 4354 653 4426 immoderatus
668 4357 941 4429 amorduoebat:
964 4357 1058 4448 quod
1073 4365 1192 4427 contm
1208 4354 1268 4422 ab·
