3120 5030
129 355 131 362 ’
195 409 208 424 ,
277 349 321 408 dd
528 339 1104 402 =oulssscrlun1onlvms

251 515 327 584 bAt
357 533 421 582 uec
453 520 603 582 veterum
634 512 809 602 quisquam
847 511 919 582 hoc
949 521 1103 597 testatur,
1138 510 1388 600 ·Prusauiasque
1439 567 1441 574 .

278 616 401 712 δρᾶμα
423 615 597 706 appellare
626 615 761 700 maluit,
794 637 857 684 nec
883 615 929 683 de
949 624 1149 708 argumento
1177 615 1225 682 ita
1245 622 1385 697 constat,

278 729 315 788 ut
337 717 416 786 inde
435 717 637 808 quidquam,
663 717 756 808 quod
780 727 909 788 certum
931 718 991 803 sit,
1022 719 1140 810 colligi
1162 720 1283 808 possit;
1312 725 1386 784 tum

279 843 320 890 ex
340 821 553 912 fragmentis,
585 844 674 909 quae
693 843 803 914 pauca
826 828 1017 912 supersunt,
1049 821 1137 890 illud
1159 829 1265 906 certe,
1291 819 1385 908 quod

276 923 471 992 Athenaeus
492 923 553 992 111.
576 947 612 1015 p.
637 922 698 992 87.
721 926 763 993 A.
780 925 907 1009 attulit,

421 1073 423 1084 '
483 1070 629 1169 κόγχοι,
654 1070 760 1170 μύες,
786 1075 962 1173 κῶστρεια

278 1230 342 1322 (sic
354 1252 419 1321 pro
435 1255 456 1300 ιι
479 1227 611 1324 ὄστρεα
634 1252 675 1352 ιιι
687 1229 836 1297 eiusdem
848 1227 1018 1298 Athenaei
1031 1226 1261 1296 observatione
1276 1249 1313 1318 p
1325 1224 1384 1294 93.

277 1326 582 1402 Ειιιιίἰιιιιιίιιιιιε
622 1326 711 1424 μυίι
745 1330 894 1427 ὄστρεια
927 1332 974 1401 sic
1002 1331 1110 1435 iungit
1135 1327 1386 1398 Anaxandrides

276 1335 371 1528 ddpnd
386 1434 592 1526 eumdemp
608 1433 693 1501 131.
711 1435 752 1503 Ε.
769 1457 800 1501 v.
814 1431 892 1524 59.)
906 1424 1084 1522 satyricam
1099 1433 1251 1502 fabulam
1263 1432 1387 1522 potius,

196 1557 201 1576 ⁸
275 1561 377 1658 quam
400 1537 609 1628 tragoediam
632 1536 765 1606 videtur
787 1536 952 1606 redolere.
1013 1537 1184 1627 Apertius
1194 1557 1276 1604 vero
1296 1533 1386 1600 iudi·

207 1653 209 1662 ’
278 1643 367 1734 cium
385 1641 533 1762 praebet
550 1639 744 1708 scholiastes
761 1639 936 1708 Theocriti
952 1639 997 1706 ad
1011 1639 1072 1706 lV.
1086 1637 1146 1706 62
1163 1664 1248 1719 τους
1269 1629 1384 1708 σατύ-

278 1769 361 1872 ραις
381 1740 546 1838 ἀκρατεῖς
569 1769 603 1814 οι
596 1741 781 1822 ’πλείονές
795 1768 942 1870 φασιν,
951 1767 996 1820 ως
1011 1740 1071 1812 καὶ
1089 1767 1173 1820 τους
1192 1730 1386 1836 Σιιληνους
1432 1747 1435 1752 “
1465 1754 1471 1760 “

216 1903 219 1911 f
276 1845 337 1920 ιιαὶ
367 1845 514 1932 Πᾶνας,
562 1842 607 1924 ὠς
628 1837 807 1932 Αἱσχυλος
829 1843 897 1935 μὲν
922 1847 961 1915 ἐν
990 1834 1159 1934 Γλαύκῳ,
1198 1837 1388 1935 Σοφοκλῆς

277 1949 367 2022 δι’
350 1975 388 2020 ιν
415 1942 655 2041 Ἀνδρομέδᾳ.
712 1945 764 2012 lte
786 1943 873 2014 haec
900 1945 1023 2062 scripta
1043 1942 1143 2011 affert
1172 1941 1387 2032 casaubonus

277 2051 322 2118 de
338 2057 436 2138 satyr.
459 2068 552 2137 poes.
565 2047 592 2116 Ι.
608 2045 643 2112 5.
670 2067 712 2112 ex
726 2045 866 2134 codice,
889 2054 928 2114 ut
940 2046 1079 2137 opinor,
1104 2066 1175 2134 quo
1194 2067 1272 2113 eum
1291 2063 1388 2112 usum

276 2173 347 2222 esse
369 2158 507 2221 constat.
566 2148 741 2238 Toupiurn
767 2149 860 2238 euim
888 2148 1003 2235 mitto,
1036 2149 1226 2242 vulgatum,
1264 2147 1300 2214 iu
1319 2167 1388 2234 qua

277 2251 443 2350 ἀκρατεῖς
456 2252 566 2336 deest,
592 2252 639 2320 sic
654 2252 937 2340 interpretantem,
961 2261 999 2319 ut
1021 2260 1149 2341 satyros
1163 2259 1198 2318 et
1220 2250 1351 2318 Silenos
1367 2269 1388 2314 ι

275 2357 442 2426 nonnullis
457 2356 564 2424 Panes
580 2364 716 2424 vocatos
732 2355 799 2422 dici
813 2355 902 2423 velit
954 2353 1094 2424 Certum
1107 2363 1220 2422 autem
1241 2375 1311 2422 esse
1333 2374 1383 2418 ar·

275 2462 399 2543 bitror,
430 2460 594 2528 murinum
617 2457 788 2527 Glaucum
809 2459 844 2525 in
868 2455 946 2534 hoc,
961 2456 1092 2526 scholio
1122 2455 1283 2546 intelligi,
1319 2475 1387 2523 nou

275 2562 505 2645 Potnieusem,
531 2583 634 2647 quam
654 2559 865 2649 tragoediam
884 2560 991 2638 fuisse,
1008 2569 1041 2628 et
1071 2568 1305 2650 argumentum
1324 2557 1389 2624 do·
1475 2555 1477 2560 ’

278 2672 348 2746 cet,
375 2670 409 2728 et
429 2662 554 2728 mentio
579 2661 669 2730 facta
688 2660 722 2726 iu
742 2662 953 2752 praefatione
972 2662 1075 2731 veteri
1095 2662 1140 2729 ad
1155 2661 1292 2744 Perses,
1317 2658 1388 2742 ubi,

277 2765 305 2832 si
319 2764 460 2850 satyrica
482 2762 597 2831 fabula
618 2762 748 2847 fuisset,
773 2781 843 2832 uon
864 2766 981 2850 tertio,
1014 2764 1075 2832 sed
1091 2773 1209 2851 quarto
1231 2762 1311 2831 loco
1334 2783 1396 2850 es-⁴

278 2875 329 2934 set
355 2857 534 2932 nominata.
593 2864 697 2949 Quod
721 2866 842 2956 pulcre
867 2865 1131 2935 animadvertens
1160 2865 1388 2949 casaubonus,

152 3049 154 3060 Ι
277 2991 383 3058 quum
402 2990 471 3039 nou
492 2967 554 3036 nisi
566 2990 667 3036 uuum
690 2970 734 3037 ab
754 2969 1107 3059 Aeschyloscriptum
1132 2990 1202 3036 esse
1218 2965 1388 3036 Glaucum

279 3072 496 3155 existimaret,
531 3071 577 3138 ita
601 3071 838 3162 corrigendum
866 3073 900 3138 in
920 3070 991 3138 'ista
1014 3070 1224 3160 praefatione
1250 3070 1389 3162 censuit,
1482 3095 1484 3102 ’

281 3177 400 3253 Φινεῖ,
430 3174 607 3268 Πέρσαις,
642 3178 851 3270 Πραμηθιῑ,
887 3166 1038 3268 Γλαύκῳ
1062 3177 1236 3262 Ποτνιιῖ,·
1259 3195 1388 3265 perpe-

278 3299 350 3344 rum
366 3299 462 3358 sane,
488 3274 573 3342 sed
565 3299 598 3342 ιιι
613 3298 654 3344 eo
676 3286 789 3344 tamen
810 3297 928 3344 verum
939 3274 1073 3360 videns,
1099 3275 1193 3364 quod
1206 3274 1388 3359 Glaucum,

278 3402 382 3468 quem
405 3361 599 3448 scholiastes
623 3377 800 3447 Theocriti
827 3379 957 3461 citaret,
991 3377 1169 3468 satyricum
1190 3399 1269 3449 esse
1289 3377 1391 3446 intel-

277 3483 369 3549 lexit.
429 3480 520 3550 Et
496 3503 543 3549 src
564 3480 718 3570 Toupius
738 3500 875 3568 quoque
901 3479 1071 3549 Glaucum
1092 3481 1270 3571 satyricum
1290 3479 1391 3549 fuisse

276 3584 494 3678 pronunciat,
520 3584 581 3651 etsi
600 3583 697 3650 solita
720 3582 930 3652 festinatione
951 3605 1020 3652 uon
1034 3605 1214 3717 quaerens,
1245 3590 1322 3652 utro
1346 3583 1391 3651 de

279 3688 414 3758 Glauco
436 3694 565 3778 agatur.

379 3891 454 3957 lam
488 3887 533 3956 de
566 3897 764 3978 argumento
792 3888 931 3957 fabulae
957 3889 1138 3958 videamus.
1195 3887 1238 3955 Id
1266 3885 1390 3957 Ruhn-

277 3992 393 4062 lrenius
424 3991 556 4060 videtur
581 3989 727 4081 positum
761 3999 895 4080 putasse
923 3989 957 4056 in
990 3990 1118 4059 infelici
1145 4012 1279 4080 amore,
1320 4013 1390 4081 quo

279 4083 430 4166 Glaucus
450 4093 601 4189 Scyllum
621 4092 790 4183 deperisse
809 4092 924 4162 fertur.
975 4094 1064 4162 Nam
1086 4093 1129 4162 ad
1153 4093 1321 4164 Velleium
1345 4095 1389 4162 11.

279 4195 348 4281 83,
375 4194 408 4262 2.
434 4196 494 4264 ubi
513 4197 541 4262 is
560 4196 742 4282 Plancum,
769 4196 995 4290 coeruleatnm
1019 4206 1053 4266 et
1073 4197 1203 4266 nudum
1217 4205 1386 4289 caputque

278 4299 470 4371 redimitam
489 4298 667 4386 arundine,
692 4310 727 4370 et
748 4297 893 4370 caudam
910 4298 1123 4390 trahentem,
1144 4302 1287 4395 genibus
1300 4299 1390 4369 iuui-
