3078 5026
493 297 843 408 'nrssnnrrrro
871 337 937 408 n'
1200 343 1263 409 rar

147 533 241 586 mise
264 518 315 582 est
337 510 480 608 Olymp.
505 512 630 584 lrxffl.
653 510 690 582 4.
711 513 818 606 Apud
841 514 982 586 Suidam
1002 521 1070 600 αἱ,
1094 519 1265 586 mortuum

146 639 221 686 esse
233 638 322 684 anuo
337 617 424 686 vitae
439 618 564 687 LVlll.
584 616 643 708 qni
656 618 849 688 manifestus
864 626 913 688 est
933 618 1142 695 librariorum
1157 639 1262 710 error,

147 720 249 810 quia,
286 707 330 787 ut'
353 720 446 788 idem
469 720 591 790 Suidas
615 727 655 788 et
676 719 738 788 illo
769 729 804 788 et
831 719 900 788 ulio
926 720 1007 788 loco
1037 719 1158 812 refert,
1194 721 1266 790 iam

77 841 79 845 ’
147 821 291 914 0lymp.
315 822 421 891 LXX.
442 821 477 890 1.
504 845 581 894 oum
600 823 737 891 Pratina
750 823 899 909 certavit,
923 841 1027 890 annos
1042 830 1137 890 natus
1156 822 1263 893 XXV.

147 925 207 1014 qui
236 946 394 994 numems
412 935 556 1019 'prorsus
593 927 747 1000 convenit
788 948 867 997 cum
901 926 1036 996 calculo
1073 925 1264 996 msnuoris:

145 1025 239 1098 uude
262 1027 441 1098 verisimile
462 1037 529 1114 est,
563 1029 704 1098 Suidam
732 1051 800 1098 uon
825 1021 890 1124 νή,
935 1028 996 1098 sed
1024 1020 1066 1126 εὴ
1087 1027 1264 1117 scripsisse.
1348 1051 1350 1058 ⁴

146 1129 247 1200 Vitae
268 1131 412 1221 scriptor
431 1131 640 1222 Aeschylum
665 1131 767 1200 tradit
788 1132 895 1205 LXV.
919 1131 1035 1200 aetatis
1059 1153 1146 1218 anuo
1169 1152 1265 1200 mor·

146 1241 243 1301 tuum
265 1255 352 1302 esse:
386 1256 495 1324 aqua
513 1235 702 1320 mrratione
728 1256 796 1302 nou
816 1235 959 1304 multum
980 1233 1125 1319 recedit,
1155 1232 1264 1322 ⁴quod

146 1335 267 1427 paullo
283 1345 362 1427 post
373 1336 408 1404 in
422 1337 543 1414 eadem
556 1337 625 1406 vita
638 1337 782 1429 legitur,
807 1325 933 1429 ἐβίωσε
951 1337 990 1412 dd
1011 1329 1181 1432 ἑξήκοντα
1202 1333 1264 1408 sul

146 1436 233 1534 apio
249 1439 334 1534 ἔτη,
359 1439 419 1508 ubi
439 1449 551 1510 tamen
570 1463 636 1532 pro
660 1441 722 1537 ἔτη
744 1433 805 1533 572
826 1440 922 1527 quod
945 1439 1015 1508 duo
1038 1437 1173 1512 codices
1198 1438 1265 1506 hn-

147 1540 246 1626 hcut,
271 1541 307 1610 in
326 1541 425 1610 tertio
443 1545 602 1635 scriptum
624 1552 673 1612 ast
693 1543 748 1631 δέ,
775 1541 1143 1614 fortasse-dissensionis
1166 1562 1264 1610 com-

94 1691 98 1699 ·
146 1642 327 1734 ponendae
344 1667 471 1714 onnssa.
522 1647 622 1716 Nunc
645 1644 827 1716 secuudum
851 1666 924 1732 eos,
950 1645 1009 1735 qui
1031 1644 1137 1716 LXV.
1161 1665 1266 1712 annos

147 1747 339 1837 implevisse
357 1748 566 1839 Aeschylum
592 1748 762 1832 dixerunt,
795 1749 863 1816 sia
883 1750 1000 1818 mortis
1021 1756 1176 1839 tempore
1199 1771 1264 1816 nu-

146 1871 274 1935 meres,
306 1859 401 1920 natus
423 1852 488 1922 fuit
508 1852 652 1943 Olymp.
675 1851 801 1922 LXIV.
822 1850 858 1920 4.
915 1853 1015 1923 Hanc
1043 1873 1123 1919 vero
1148 1872 1260 1920 narra-

145 1951 274 2020 tionem
295 1957 452 2043 sequutus
473 1966 523 2024 est
544 1957 590 2040 is,
616 1977 726 2044 equo
749 1954 945 2025 scholiastes
960 1952 1195 2046 Aristophanis
1219 1951 1265 2028 ad

145 2054 235 2124 Rau.
250 2051 311 2122 75.
336 2067 370 2126 et
393 2060 536 2150 scriptor
557 2058 644 2126 sitae
665 2057 869 2148 Sophoclis,
893 2058 1040 2126 numeris
1063 2057 1266 2148 eMusgra·

146 2157 191 2228 vii
208 2166 242 2226 et
254 2157 421 2249 Lessingii
441 2152 601 2230 scatentia
616 2161 831 2250 permutatis,
857 2160 1070 2250 Sophoclem
1081 2160 1266 2226 retulerunt

146 2259 321 2350 Aeschylo
344 2262 471 2330 XXIV.
498 2263 591 2330 annis
614 2262 855 2354 posteriorem,
889 2262 998 2335 XVlI.
1020 2261 1170 2352 priorem
1192 2262 1266 2327 Eu-

144 2361 258 2453 ripide
277 2363 387 2430 fuisse.
438 2364 481 2431 ld
499 2364 587 2432 enirn
601 2365 660 2451 qui
683 2363 840 2447 tradidit,
866 2363 1080 2453 Sophoclem
1098 2362 1265 2430 existima-

144 2465 194 2536 vit
216 2472 331 2534 natum
356 2487 427 2534 esse
449 2464 590 2557 Olymp.
612 2465 717 2534 LXX.
736 2465 771 2532 4.
794 2485 862 2553 quo
889 2486 976 2532 anno
999 2465 1057 2532 ille
1080 2463 1266 2533 secuudum

145 2589 297 2638 marmor
317 2567 474 2653 Parium,
516 2568 613 2658 quod
640 2591 717 2636 eum
731 2577 733 2581 ’
746 2567 886 2656 Olymp.
910 2567 1083 2639 Lxxvu.
1102 2566 1138 2634 4.
1163 2587 1267 2634 annos

146 2668 304 2739 habuisse
320 2671 477 2739 XXVlll.
493 2673 616 2757 refert,
644 2680 742 2740 natus
763 2672 932 2738 habeatnr
952 2693 1087 2739 necesse
1110 2679 1168 2743 cst.
1201 2671 1267 2738 At-

147 2774 206 2864 qui
225 2773 270 2842 ab
290 2771 431 2866 Olymp.
453 2775 578 2844 LXIV.
599 2772 637 2842 4.
656 2796 724 2863 quo
745 2795 833 2842 anno
854 2773 905 2840 isti
925 2772 1133 2863 Aeschylum
1151 2783 1267 2841 natum

147 2885 324 2967 putarunt,
350 2877 396 2948 nd
417 2877 545 2946 natales
566 2877 751 2966 Sophoclis
766 2875 905 2967 Olymp.
921 2877 1026 2945 LXX.
1042 2876 1077 2943 4.
1101 2877 1177 2944 anni
1192 2885 1268 2944 sunt

147 2979 271 3048 XXlV.
291 2979 372 3048 inde
393 2991 505 3049 autern
525 2979 569 3048 ad
591 2977 731 3071 Olymp.
752 2980 891 3049 LXXV.
914 2969 959 3047 1.Ι
973 2999 1041 3068 quo
1064 3002 1150 3046 anno
1173 2989 1267 3046 natus

149 3091 200 3152 eat
213 3081 413 3172 Euripides,
438 3092 653 3154 numerantur
676 3084 751 3150 anni
773 3083 881 3150 xvir.
939 3083 1030 3152 Hinc
1052 3082 1266 3150 manifestum

148 3193 216 3270 cst,
250 3185 627 3275 Sophocleae.quoque
651 3185 739 3252 vitae
762 3185 960 3275 scriptorem
993 3183 1175 3252 ediversis
1203 3207 1265 3250 au-

147 3285 314 3372 ctoribus,
369 3311 410 3358 er
444 3290 511 3358 alio
547 3288 697 3358 retulisse
727 3296 841 3355 natum
871 3287 1083 3377 Sophoclem
1120 3285 1311 3377 Olympos

146 3387 270 3460 LXXI.
297 3388 332 3457 2.
359 3413 401 3458 ex
420 3392 487 3460 alio
512 3391 570 3459 illa
592 3411 892 3474 commemorasse,
919 3412 1007 3479 quae
1028 3390 1134 3459 modo
1157 3389 1268 3476 expli-

147 3492 279 3562 cuimus
308 3492 353 3560 de
378 3494 555 3595 intcryallo
584 3494 670 3562 iuter
701 3493 828 3562 natales
855 3493 1031 3584 Aeschyli,
1071 3490 1267 3580 Sophoclis,

146 3603 183 3664 ct
206 3595 392 3688 Euripidis.

129 3889 131 3894 Ι
248 3788 418 3892 Apertum
440 3801 516 3870 iam
548 3823 620 3870 esse
652 3798 814 3885 arbitror,
855 3801 1057 3890 scriptorem,
1085 3797 1173 3866 vitae
1194 3796 1266 3865 Ae·

145 3901 256 3994 schyli
271 3904 389 3974 iniuria
412 3903 627 3974 sBoeckhio
641 3901 883 3994 reprehensum
906 3926 995 3987 esse,
1021 3913 1192 3990 tamquam
1208 3899 1266 3988 qui

145 4015 271 4098 poetae
292 4018 436 4076 mortem
457 4008 501 4075 ad
519 4008 661 4098 Olymp.
682 3997 839 4075 LXXIX.
864 4005 897 4072 1.
924 4003 1084 4073 retulerit.
1136 4002 1203 4088 Qui
1229 4003 1268 4090 si,

147 4119 186 4178 ut
217 4109 402 4178 ostendisse
427 4109 511 4177 mihi
531 4111 667 4194 videor,
694 4113 762 4177 no'n
785 4110 942 4204 discessit*
955 4109 999 4176 ab
1021 4107 1094 4191 his,
1120 4108 1179 4195 qui
1196 4107 1269 4173 Ae-

148 4211 306 4305 schylum
327 4211 468 4302 Olymp.
485 4213 640 4280 LXXXI.
659 4211 694 4278 l.
721 4212 840 4279 obiisse
856 4221 1047 4306 narrarunt,
1072 4209 1158 4278 illud
1180 4229 1269 4296 quo-

148 4338 217 4405 que
236 4338 354 4385 verum
368 4315 410 4382 sit
423 4335 557 4384 necesse
571 4323 639 4402 est,
666 4313 761 4404 quod
780 4336 881 4405 supra
903 4313 1026 4384 eodem
1046 4323 1183 4384 auctore
1200 4329 1269 4400 po·

201 4417 325 4516 Horu.
358 4417 426 4493 Or.
457 4416 501 4486 ll.
542 4498 545 4503 ,
622 4519 624 4524 Ι
654 4488 657 4494 ,
1047 4416 1079 4485 L
