3080 5054
284 371 350 436 2⁰2
556 367 615 434 DE
642 368 784 434 rrvsw.
809 369 1131 476 Fovvlrrluvs

438 537 637 640 παρίχονον
655 548 803 642 βροτοῖς
815 543 1002 644 ρλονεροίν
1015 541 1173 644 ῥείθρων

439 644 578 729 ἀλιπεῖς
602 639 770 746 προχοάς.
972 679 976 688 ·

282 779 473 898 ¹Inquibns¹
496 799 645 869 versibus
671 797 857 869 notandum
886 799 1037 870 verbum
1058 794 1195 882 α’λιπεῖς
1218 823 1239 868 a
1265 796 1401 874 λείπειν

284 903 486 989 deductum,
512 903 608 993 quod
634 889 828 996 neglectum
852 912 903 972 est
922 904 962 972 in¹
975 901 1099 977 lexicis.
1150 903 1328 974 Accedant
1355 902 1401 971 ad

282 1005 371 1078 haec
392 1006 500 1076 Servii
515 1007 619 1076 verba
638 1007 684 1076 ad
704 1007 799 1100 Virg.
821 1007 899 1080 Ecl.
922 1007 998 1079 vll.
1018 1003 1078 1074 21.
1104 1013 1143 1074 ot
1168 1013 1289 1074 autern
1307 1027 1400 1099 poe-

281 1099 345 1180 tae
378 1109 535 1178 invocent
565 1109 760 1203 nymphas,
794 1110 885 1179 siem
916 1109 984 1178 ltoc
1009 1109 1107 1196 loco,
1140 1110 1225 1178 item
1248 1109 1285 1178 io
1304 1107 1399 1204 fine,

282 1221 468 1284 extremm
481 1211 592 1297 huuc,
618 1213 805 1299 Arethusa,
830 1211 917 1282 mihi
938 1213 1089 1283 concede
1110 1212 1280 1300 laborem,
1307 1211 1399 1282 hoec

281 1316 376 1385 ratio
402 1322 470 1406 est,
502 1315 598 1408 qnod
620 1317 814 1400 secondom
843 1315 1040 1384 Varronem
1066 1315 1168 1408 ipsae
1192 1322 1272 1384 suot
1296 1337 1398 1405 orym-

275 1415 396 1512 phoc,
421 1440 515 1511 quae
535 1426 569 1488 et
588 1417 738 1503 Mosae,
766 1419 1045 1488 necimmerito:
1074 1440 1160 1490 oum
1183 1439 1302 1510 oquae
1321 1439 1398 1486 mo-

279 1529 337 1592 tos
368 1523 523 1592 madoco
553 1519 683 1617 qfficit,
718 1528 757 1590 ot
786 1521 823 1589 io
846 1520 1043 1612 hydraulia
1070 1521 1238 1590 videmus.
1299 1519 1397 1590 Sane

279 1624 480 1712 sciendum,
515 1624 611 1716 quod
631 1625 728 1694 idem
760 1623 876 1693 Varro
908 1632 980 1693 tres
1010 1631 1148 1692 tantum
1169 1623 1299 1693 Musas
1324 1643 1398 1693 esso

279 1735 550 1813 commemorat,
590 1751 717 1812 onam,
763 1749 856 1820 quoe
884 1749 930 1796 ex
957 1749 1075 1819 aquae
1095 1728 1254 1796 noscitur
1281 1733 1397 1805 moto3

279 1831 450 1918 oderam,
480 1852 589 1921 quom
610 1831 707 1899 aeris
733 1829 805 1898 icto
828 1829 941 1924 efficit
963 1851 1088 1908 εοποος
1115 1831 1280 1916 tertiam,
1304 1851 1397 1922 quoe

278 1934 315 2002 io
329 1953 432 2001 mero
451 1940 589 2000 tontum
602 1954 689 2002 ooce
703 1933 866 2001 consistit.
914 1931 991 2000 lam
1008 1955 1090 2001 vero
1110 1933 1193 2022 qnid
1216 1932 1270 2001 his
1287 1931 1397 2002 omni-

276 2035 339 2104 bus
357 2035 528 2104 efficitur?
552 2035 648 2103 Nihil
660 2035 815 2126 amplius,
840 2057 943 2124 quam
956 2035 1046 2105 haec
1062 2035 1147 2122 duo:
1171 2059 1287 2122 unum,
1312 2035 1396 2104 Mu-

277 2161 329 2206 sas
360 2139 403 2207 ab
430 2138 536 2228 Lydis
561 2141 662 2206 etiam
684 2135 912 2229 nympharum
935 2139 1070 2207 nomine
1099 2139 1288 2230 appellatas
1312 2161 1396 2218 esse;

277 2241 441 2329 alterum,
461 2240 630 2333 nymphas
650 2241 811 2326 fontium,
837 2250 875 2310 ut
897 2264 984 2332 quac
1004 2251 1130 2334 mentes
1148 2242 1262 2310 divino
1279 2241 1397 2310 afflatu

275 2344 457 2437 impleant,
488 2366 739 2434 nonnumquam
760 2344 936 2414 Musamm
959 2347 1039 2415 loco
1065 2367 1086 2412 a
1105 2345 1214 2442 poetis
1237 2344 1395 2416 invocari.

275 2449 323 2520 Et
344 2448 389 2517 ad
410 2447 528 2538 Lydos
556 2447 694 2537 quidem
725 2448 821 2538 quod
844 2449 979 2540 attinet,
1011 2470 1080 2517 non
1109 2447 1277 2540 nymphas
1298 2448 1393 2539 apud

273 2549 352 2620 illos
363 2549 538 2619 Musarum
550 2550 833 2643 appellationem,
860 2551 921 2620 sed
940 2550 1055 2619 Musas
1077 2551 1306 2644 nympharum
1328 2552 1395 2620 ha-

274 2653 402 2749 huisse,
434 2652 630 2722 scholiastes
657 2653 850 2738 Theocriti,
868 2653 1091 2744 Hesychius,
1123 2656 1263 2740 scidas,
1297 2655 1396 2724 Pho·

88 2752 91 2763 ’
216 2761 219 2767 ’
272 2757 341 2826 tius
366 2756 574 2848 apertissime
594 2756 799 2849 significant:
824 2755 983 2846 idemque
1007 2758 1150 2826 voluisse
1169 2756 1395 2849 Stephanum,

273 2882 327 2928 res
341 2860 416 2950 ipsa
430 2859 549 2938 docet:
574 2859 635 2930 sed
652 2861 857 2952 epitomator
872 2861 1085 2952 negligenter
1099 2861 1245 2951 scripsit,
1273 2859 1316 2942 iic
1333 2858 1395 2933 παλ

272 2956 432 3042 Morinos
459 2959 583 3035 Λυδοί
602 2960 773 3050 καλοῦσι,
799 2982 908 3048 quum⁸
931 2961 1073 3030 deberet
1093 2963 1158 3047 ita,
1184 2955 1331 3058 νείμφοις
1356 2962 1395 3037 di

274 3059 341 3147 τοῖς
354 3058 511 3144 Μούσας
523 3062 643 3138 Λυδοί
664 3063 814 3136 καλοῦσι
832 3057 882 3154 *).
934 3057 1074 3132 Eadem
1084 3063 1292 3155 negligentia
1309 3063 1395 3134 Ser·-

273 3167 346 3236 vius
371 3168 416 3235 de
440 3165 601 3248 Varronis
611 3167 789 3252 'sententia
810 3165 968 3257 loquitur.
1015 3167 1128 3237 ,Recte
1151 3173 1264 3234 antem
1291 3167 1396 3257 Lydi.

207 3357 208 3362 ρ
273 3270 363 3340 Nam
384 3269 544 3362 generale
565 3289 690 3337 nomen
710 3268 940 3361 nympharum
961 3279 1027 3356 est,
1052 3279 1091 3340 ut
1110 3269 1229 3339 Musae
1255 3271 1393 3338 omnino

275 3375 341 3443 sint
364 3373 399 3442 in
420 3371 579 3463 nymphis
600 3371 845 3458 numerandae,
879 3373 940 3441 sed
965 3395 1035 3441 non
1063 3384 1199 3457 contra,
1231 3381 1270 3440 ut
1292 3377 1392 3461 nym-

274 3477 368 3569 phae
392 3499 507 3544 omnes
530 3474 630 3542 etiarn
647 3474 713 3542 sint
732 3474 862 3543 Musae.
912 3476 960 3546 Et
982 3477 1030 3548 sic
1062 3477 1240 3566 scriptores
1266 3475 1395 3564 antiqui

275 3601 392 3650 omnes
416 3579 468 3647 his
487 3577 849 3646 nominibusntuntnr:
885 3601 918 3652 v.
945 3599 976 3648 ο.
1009 3579 1221 3670 Lycophron
1254 3599 1285 3646 v.
1304 3573 1392 3646 2⁴55.

274 3683 443 3777 nymphas
468 3681 657 3768 nominans,
689 3686 733 3754 αἲ
754 3685 908 3778 φίλαντο
928 3676 1109 3781 qudpov
1136 3675 1266 3776 ydros,
1292 3681 1392 3755 Λοι-

262 4051 265 4055 -
318 4013 349 4098 r)
370 4017 569 4093 Buttmannur
594 4039 625 4100 p-
646 4021 719 4088 601.
744 4019 904 4084 defendere
922 4022 1039 4084 studuit
1058 4023 1300 4105 epitomatorem:
1331 4037 1395 4098 qua

169 4103 172 4108 ’
278 4099 450 4164 defensione
467 4107 492 4164 si
506 4103 567 4164 hoc
582 4105 699 4181 voluit,
726 4105 826 4186 Lydos
843 4109 987 4170 musicam
1012 4109 1048 4170 ab
1064 4105 1205 4191 nymphis
1226 4103 1396 4185 repetiisse,

277 4185 340 4246 hon
356 4205 509 4266 repugno,
538 4188 591 4252 sed
610 4191 821 4252 utMusirum‘
836 4195 957 4254 nornine
973 4195 1121 4278 nymphas
1142 4191 1307 4272 appellasse
1328 4207 1398 4250 cro·
1515 4255 1516 4260 ,

280 4271 369 4348 dum,
391 4291 452 4331 nou
475 4274 593 4350 vincet,
608 4275 678 4334 uiri
700 4286 834 4336 caeteros
853 4299 929 4360 quos
948 4281 1014 4343 dixi
1027 4291 1180 4357 auctores,
1200 4274 1254 4356 qui
1274 4283 1398 4336 00¹&ss-

153 4355 164 4368 ‘
278 4357 358 4418 rium
369 4355 534 4434 affirmant,
557 4378 673 4422 masse
683 4362 859 4426 ostenderit.
903 4415 936 4422 .,
1000 4405 1037 4424 ·,

541 4467 562 4510 ·
694 4520 696 4529 t
