3120 5030
374 317 625 424 'SERMONIS
645 308 1022 388 nonunrcr'nlsa
1041 323 1081 388 11.
1247 329 1291 394 49

178 485 363 562 Pindarum
390 490 611 572 Tirierschius
639 493 911 588 reprehenderet
968 495 1040 568 Sed
1077 491 1289 618 riposthnc,

179 605 219 672 ιιι
240 618 431 688 speramus,
456 595 585 664 illud
567 595 643 672 acri
663 600 840 668 immotum
861 600 1025 684 manebit,
1050 600 1158 669 multo
1180 601 1290 692 magia

180 701 363 768 manebunt
383 697 491 784 haec,
516 698 557 765 ll.
575 698 708 773 δ..422
732 695 866 782 ω’ςδ“
844 725 888 775 οτ
919 705 958 776 ἐν
979 701 1131 795 αἰγιαλῷ
1149 696 1290 798 πολυή-

179 809 239 890 χεϊ
263 803 360 894 ιιύμα
381 794 614 896 haldenne*
592 827 703 898 ορνντ
740 798 996 899 ἐπασσύτερον
1028 811 1066 875 θ
1091 800 1176 877 555.
1200 799 1290 930 ιρεύ

180 895 242 975 ὅτ
267 907 305 976 ἐν
332 899 475 1000 ούρανρῖ
504 900 621 998 ἄστρα
652 933 804 1000 parrona
836 905 931 999 ἀμφὶ
966 897 1115 1023 colpum
1151 901 1289 1000 φαίνετ

180 1000 394 1101 ἀριπρεπέα
444 1005 533 1073 Nam
563 1029 667 1094 quum
684 1008 919 1098 imperfectum
945 1007 1039 1074 his
1029 1029 1063 1074 ιιι
1084 1009 1169 1078 Ιοσίι
1191 1006 1291 1076 infert

179 1105 457 1206 Thierschiusp.
473 1103 508 1174 6.
524 1129 592 1176 non
614 1111 792 1200 cogitavit,
816 1111 851 1177 id
867 1109 961 1198 quod
977 1133 1078 1200 supra
1095 1112 1163 1178 iam
1176 1119 1290 1177 osten-

32 1259 35 1266 .
149 1223 152 1228 “
180 1203 307 1298 dimus,
347 1211 583 1301 imperfectum
609 1235 745 1302 prorsus
775 1212 1121 1304 acomparatiouibus
1142 1214 1290 1282 alienum

181 1333 260 1380 esse.
311 1314 431 1401 Neque
442 1313 478 1382 id
495 1311 690 1406 diligentem
703 1316 844 1384 Homeri
859 1316 1021 1398 lectorem
1036 1315 1155 1406 fugere
1167 1309 1289 1408 potest.
1365 1385 1368 1392 ,

176 1413 271 1484 Illud
293 1417 382 1484 enim
409 1438 478 1483 non
498 1437 634 1503 vereor,
656 1440 709 1496 ue
733 1420 804 1507 quis
828 1413 890 1513 ἦεν
911 1418 948 1490 ll.
973 1445 1003 1492 o.
1030 1415 1114 1484 274.
1139 1447 1177 1513 φ.
1202 1415 1289 1485 493.

179 1519 235 1584 vel
262 1519 393 1612 ἔπεφνε
418 1546 456 1590 π.
480 1515 567 1588 48ἴ.
584 1539 631 1594 ἐι.
660 1515 745 1592 959.
772 1520 827 1588 vel
850 1522 1024 1615 ἐπέχραεν
1045 1528 1080 1588 et
1103 1521 1230 1614 ἔχραεν
1248 1509 1288 1591 π.

180 1618 266 1688 ³52.
294 1620 362 1690 od.
389 1649 416 1692 ε.
440 1618 525 1688 396.
554 1615 592 1689 ut
619 1623 817 1714 imperfecta
846 1622 984 1708 afferat,
1008 1621 1064 1689 vel
1087 1628 1222 1694 πῖπτον
1249 1639 1291 1688 er

165 1723 295 1814 „vitiosa
308 1723 574 1816 interpunctione
596 1725 637 1792 ll.
662 1753 700 1816 μ.
719 1724 803 1793 156.
826 1733 966 1818 tucatur.
1016 1723 1130 1792 Vnum
1145 1722 1292 1814 proferri

108 1876 111 1882 ,
178 1826 303 1917 poterit
325 1819 516 1899 ἐσσεύοντο
539 1829 580 1896 ll.
600 1833 631 1902 λ.
655 1825 741 1897 549.
764 1856 794 1900 o.
817 1827 902 1896 272.
926 1825 987 1896 sed
999 1826 1228 1911 Aristarchus,
1253 1833 1292 1894 ut

177 1929 212 1996 iu
227 1929 412 2020 posteriore
432 1930 528 2014 loco,
552 1931 600 1998 ita
624 1930 692 1999 sine
715 1925 819 2000 dubih
845 1932 943 1998 etiarn
964 1931 1132 2021 inpriore
1153 1929 1292 2020 legebat

178 2024 384 2104 ἐσσεύαντο.
440 2033 518 2100 Nou
543 2042 654 2101 autem
675 2038 723 2104 sic
743 2034 880 2102 nomino
894 2032 1143 2116 Aristarchum,
1170 2041 1208 2100 ut
1233 2031 1293 2119 qui

178 2155 427 2224 quemcumque
442 2135 498 2203 rel
514 2137 782 2205 obscmisaimum
800 2137 1076 2228 grammaticum,
1101 2134 1157 2202 vel
1172 2155 1292 2203 recen·

176 2237 336 2304 tissimum
358 2236 536 2322 codicem,
563 2240 590 2306 si
617 2261 696 2307 suae
722 2235 823 2308 alicui
842 2237 993 2328 opinioni
1017 2238 1145 2318 faveat,
1172 2244 1293 2303 aucto-
1379 2235 1384 2246 '

174 2361 251 2406 rem
276 2347 461 2426 testemque
491 2339 645 2407 afferunt.
695 2343 786 2408 Tam
818 2340 905 2407 enim
935 2339 987 2406 vir
1015 2340 1076 2406 ille
1105 2336 1293 2404 admirabili

175 2440 244 2508 fuit
264 2439 419 2530 ingenio,
445 2447 482 2505 ut
503 2441 558 2509 rix
571 2449 690 2531 putem
708 2437 753 2532 ad
768 2437 997 2508 illustrandam
1013 2440 1156 2508 Homeri
1169 2438 1293 2505 dictio-

176 2565 274 2627 nem,
301 2543 394 2631 quod
410 2551 504 2611 recte
520 2552 683 2634 acuteque
696 2543 961 2612 animadversum
977 2542 1027 2626 sit,
1054 2539 1167 2634 afferri
1180 2562 1291 2631 posse,

178 2646 258 2735 quin
279 2645 330 2712 illi
356 2645 530 2736 cognitum
550 2655 833 2743 perspectumque
852 2645 967 2713 fueritr
1000 2652 1037 2712 ut
1057 2643 1152 2712 haud
1177 2645 1292 2729 sciam,

180 2771 222 2816 au
244 2746 386 2839 perinde
413 2747 609 2818 habendum
633 2751 691 2834 sit,
725 2750 913 2818 Homerum
937 2756 1038 2836 arque
1062 2745 1292 2817 Aristarchum

176 2852 375 2943 intelligere.
427 2850 548 2920 Redeo
567 2853 611 2920 ad
624 2850 841 2920 indicativum
865 2850 1055 2942 praesentis.
1095 2851 1142 2917 Et
1157 2849 1293 2917 abunde

177 2953 245 3021 iam
265 2955 526 3023 demonstratum
548 2965 613 3041 cst,
640 2979 717 3024 eum
743 2966 836 3025 recte
863 2977 941 3025 cum
962 2953 1132 3044 particulis
1161 2949 1205 3032 ὥς
1226 2949 1291 3023 ὅτε

177 3057 333 3126 οοιιειιιιὶ.
385 3057 490 3140 Quod
518 3058 545 3126 si
567 3057 635 3147 cio,
671 3067 768 3126 utet
799 3059 842 3125 ab
866 3057 961 3124 nobis
984 3055 1063 3123 alibi
1083 3055 1209 3122 dictum
1229 3061 1289 3134 ert,

178 3168 211 3228 et
226 3183 247 3226 a
260 3158 466 3228 Thierschio
489 3183 524 3251 p.
541 3158 626 3227 186.
644 3182 857 3244 concessum,
880 3158 964 3228 nihil
981 3157 1025 3226 ad
1041 3156 1136 3224 verbi
1148 3153 1338 3230 modum12

175 3264 339 3352 pertinet,
365 3284 432 3330 non
462 3285 548 3352 opus
571 3263 650 3349 erit,
676 3264 770 3352 quod
792 3263 852 3330 illc
877 3261 1010 3352 vultp
1026 3258 1111 3326 187.
1137 3258 1235 3325 Iliad.
1251 3283 1291 3348 μ.

178 3361 292 3434 41·'
263 3359 404 3444 ωού”
382 3392 426 3436 οτ
458 3393 503 3437 αν
527 3365 565 3438 ἐν
589 3393 631 3438 τε
652 3360 794 3437 κύνεσσι
818 3393 876 3437 ιιαι
870 3357 1051 3481 α’νδρύσι
1074 3359 1292 3456 θηρευτῇσιν

176 3461 327 3563 ιιύπριος
344 3461 385 3562 ἦε
378 3467 490 3540 λέων
507 3468 716 3564 στρέφεται,
744 3468 789 3535 de
804 3466 1015 3536 coniunctivo
1040 3465 1209 3553 cogitare,
1236 3468 1293 3527 aut

178 3568 248 3641 Od.
274 3596 304 3640 ιι.
327 3567 414 3636 41⁰
443 3565 591 3648 05ch
569 3566 627 3641 στ’
660 3569 705 3641 οἶν
731 3569 908 3694 οἶγραρλσι
941 3565 1065 3688 πόριες
1094 3562 1175 3656 περὶ
1204 3561 1294 3653 βοῦς

178 3666 366 3764 ἀγελαίας,
397 3663 611 3751 ἐλθούσας
593 3698 628 3751 ες
650 3664 804 3764 ιιόπρον,
831 3663 919 3764 ἐπήν
940 3659 1097 3761 βστύνης
1112 3665 1291 3759 κορέσων

177 3801 264 3862 ται,
291 3774 407 3844 πεῖσαι
427 3769 505 3864 ἅμα
527 3770 737 3891 σκαίρουσιν
759 3769 940 3853 ἐναντιαι,
968 3769 1153 3836 orationem
1173 3775 1293 3856 putare

178 3875 352 3966 abrumpi:
384 3897 588 3964 quamquam
612 3875 639 3942 si
666 3874 739 3964 quis
760 3873 961 3966 pertinacius
976 3869 1184 3954 contendat,
1224 3890 1294 3936 non

177 4000 388 4070 magnopere
408 3977 680 4070 repugnabimus.

278 4081 415 4150 Dictum
448 4089 496 4148 est
524 4105 640 4172 supra,
679 4103 766 4170 quae
787 4079 916 4146 soleant
936 4076 1027 4163 lieri,
1052 4093 1116 4167 per
1137 4072 1294 4144 indicati·

177 4205 258 4252 vum
285 4183 495 4274 designanda
522 4207 601 4254 esse.
654 4182 758 4268 Quod
779 4183 938 4270 quoniam
960 4180 1028 4248 tale
1046 4188 1111 4264 est,
1137 4188 1175 4246 ut
1197 4176 1292 4265 quasi

177 4287 428 4355 ratiocinatione
453 4286 600 4375 quadam
624 4288 847 4356 contineatur:
879 4285 1068 4354 nominatur
1092 4284 1198 4365 enim,
1225 4299 1292 4344 non

228 4391 352 4458 Hunni.
380 4387 446 4462 Or.
473 4389 517 4456 11.
1086 4385 1119 4452 D
