3078 5026
262 323 327 388 111
473 319 531 382 DE
558 317 823 382 METRORVM
855 315 1164 396 Qvonvnnln

261 501 297 564 et
313 489 477 566 trochaeo
490 513 562 562 csse
578 461 820 583 1111111111),
844 489 939 581 quod
953 511 1061 583 genus
1078 489 1105 559 ri
1122 487 1178 559 cni
1198 484 1374 580 duplicem

261 597 357 667 basin
382 616 506 666 vocare
528 594 661 688 placet,
701 595 854 664 ostendat
878 593 998 679 velim,
1033 614 1094 664 cur
1121 590 1286 665 secundus
1311 612 1375 682 pes

260 701 343 770 elice
368 707 542 788 sequatur,
574 719 676 788 quom
698 717 787 787 qnae
809 706 884 766 sunt
909 698 1027 764 baseos
1046 695 1152 786 leges
1209 693 1262 763 lta
1290 715 1374 764 vcro

133 869 135 874 .
259 823 330 872 non
356 802 463 876 modo
482 803 519 870 in
546 809 688 890 utraque
710 799 853 890 dipodia
874 800 1003 867 varians
1032 819 1186 866 mensura
1214 798 1374 868 idoneam

260 907 423 974 udonem
433 903 589 988 habebit,
615 903 676 972 sed
694 911 787 973 recte
806 902 906 970 etiam
927 901 961 968 in
984 902 1134 970 secundo
1154 921 1252 973 versu
1274 893 1374 993 prior
1430 951 1431 956 η

260 1007 404 1100 dipodia
424 1005 623 1076 trochaeum
647 1027 713 1098 pro
743 1003 897 1096 spondeo
921 1003 1079 1096 recipiet,
1112 1004 1257 1105 intente,
1289 1003 1372 1094 quia

259 1111 343 1180 alius
357 1131 512 1180 numerus
525 1109 688 1200 seqnitur,
713 1107 800 1178 falsa
819 1129 983 1181 mensura.
1034 1105 1075 1174 ln
1096 1105 1288 1200 epodornm
1308 1125 1367 1174 au·

257 1222 328 1282 tem
346 1235 443 1282 11111
466 1212 626 1302 septimo,
658 1211 694 1280 in
720 1212 841 1302 quibus
868 1211 1023 1280 omnibns
1046 1210 1138 1301 [sunt
1165 1217 1280 1279 autem
1303 1217 1370 1278 tres

256 1317 409 1406 tantum)
440 1313 655 1386 ditrochaeus
690 1314 844 1404 dactylos
873 1311 1065 1403 praecedit,
1111 1310 1193 1382 ferri
1228 1310 1373 1380 fortasse

247 1417 449 1490 ¹‘trochaicus
473 1439 646 1504 numerus,
691 1439 796 1505 quum
811 1417 861 1485 sit
889 1415 1118 1499 brevissimus,
1149 1414 1292 1507 poterin
1321 1416 1373 1482 sin

257 1521 386 1608 minus,
438 1513 607 1612 apparet,⁸
654 1527 746 1590 certe
791 1519 939 1590 excusari
986 1518 1152 1612 syllabam
1189 1516 1371 1609 ancipitem

259 1645 368 1716 lm·
461 1661 463 1668 ’

359 1724 432 1796 Sed
449 1724 651 1794 veniendum
672 1725 740 1794 ianr
758 1732 808 1794 est
827 1723 873 1792 ad
895 1747 954 1809 es,
985 1743 1130 1813 quornm
1145 1743 1261 1794 caussa
1282 1718 1374 1812 haec

255 1825 410 1898 disseruh
436 1849 478 1896 ex
499 1829 637 1918 quibus,
662 1837 700 1896 ut
715 1827 788 1898 hoc
807 1827 918 1895 obiter
936 1825 1078 1912 eddam,
1104 1827 1181 1894 satis
1200 1825 1371 1916 intellige-

252 1920 327 2017 tur,
341 1975 345 1982 ·
361 1951 422 2000 cur
446 1931 549 2000 finem
569 1931 750 2024 fragmenti
771 1928 960 2014 Pindarici,
997 1928 1092 2019 qnod
1117 1952 1138 1996 a
1164 1927 1372 1998 Thiorschio

251 2032 288 2100 in
324 2032 418 2104 Actis
453 2031 713 2102 Monacensibus
752 2023 778 2102 l.
816 2031 897 2103 fasc.
936 2032 997 2101 111.
1028 2055 1068 2124 p.
1104 2027 1190 2099 315.
1223 2053 1247 2102 s
1279 2039 1314 2099 et
1347 2051 1370 2100 n

253 2133 434 2204 Boeckhio
460 2135 497 2203 in
524 2135 792 2205 adnotationibus
822 2134 868 2203 ad
893 2134 1011 2226 lsthm.
1039 2134 1116 2205 vll.
1144 2134 1272 2204 editum
1308 2141 1369 2219 est,

208 2237 510 2324 llchoriambum,
540 2261 610 2308 non
633 2238 868 2308 ditrochaeum
885 2234 1122 2308 constituerim.
1173 2238 1253 2307 Alia
1270 2235 1369 2328 frog·

181 2400 185 2408 .
252 2350 383 2426 menta,
408 2341 578 2432 inquibus
599 2341 901 2428 ditrochaeum,
928 2343 988 2413 uhi
1002 2341 1171 2433 epitritum
1194 2364 1264 2410 1111
1279 2361 1366 2410 con-

252 2445 425 2530 veniebat,
458 2445 515 2516 111
535 2453 652 2537 aperte
675 2455 834 2539 corrupta
862 2454 955 2531 sunt,
981 2446 1037 2516 vel
1060 2453 1190 2516 certum
1204 2443 1367 2514 iudicium

251 2546 442 2616 excludunt
493 2548 602 2638 Igitur
614 2548 755 2640 dipodia
769 2547 941 2617 trochaica
963 2568 1032 2615 non
1045 2554 1159 2635 potest
1172 2546 1268 2612 aliter
1281 2549 1367 2635 pro·

248 2650 415 2736 nunnioni,
440 2671 543 2739 quam
564 2658 603 2720 ut
619 2651 716 2742 prior
730 2673 792 2743 pes
802 2650 993 2734 maiorem,
1018 2648 1188 2740 posterior
1200 2647 1368 2717 minorem

249 2750 353 2822 ictum
373 2753 534 2844 accipiat,
559 2754 648 2822 utin
665 2753 736 2824 hoc
757 2775 873 2838 versu,

278 2925 279 2928 ’
352 2899 383 2978 oi
398 2898 622 2999 βαθυζώνων
644 2903 785 2990 ἄνασσα
811 2900 999 3000 Π1ρ111111
1020 2896 1218 3002 ὕπερτοῖτη.
1284 2915 1308 3004 ”

247 3039 288 3111 ln
309 3064 378 3131 qna
399 3064 437 3110 re
458 3040 543 3110 nihil
563 3051 670 3117 mutat
689 3041 828 3110 ultimae
847 3037 1046 3132 productio,
1058 3039 1151 3130 jquia
1175 3064 1217 3112 ea
1235 3041 1365 3132 syllaba

247 3152 361 3214 11111111
376 3167 441 3236 pro
460 3146 556 3214 brevi
577 3155 634 3216 est.
688 3129 779 3230 Quin
792 3141 973 3216 Boeckhio
992 3151 1130 3215 anctore
1147 3145 1248 3216 ctiam
1267 3168 1366 3214 men·
1419 3135 1429 3149 ⁸

246 3254 358 3317 susam
378 3248 413 3315 in
433 3249 581 3316 secundo
596 3248 689 3340 pede
705 3250 816 3340 prima
832 3247 962 3338 syllaba
977 3248 1182 3334 breviorem,
1209 3270 1311 3338 quam
1329 3247 1377 3332 in,

246 3352 378 3441 pm,
403 3347 528 3418 habet·
568 3351 638 3422 Hic
659 3353 749 3422 enim
768 3353 827 3422 lib.
846 3353 874 3418 1.
898 3372 974 3440 cap.
992 3359 1159 3435 extremo,
1184 3358 1224 3418 nt
1235 3369 1366 3438 aequa-

246 3453 316 3524 lem
339 3453 468 3544 pedum
489 3476 697 3541 mensnram,
730 3479 797 3544 qua
819 3452 926 3525 hodie
944 3452 1061 3523 musici
1084 3461 1236 3539 utuntur,
1262 3453 1365 3522 etiam

245 3557 281 3626 in
313 3556 482 3628 Graecam
507 3558 668 3644 musicam
697 3559 853 3644 inferret,
887 3577 1007 3644 ,quum
1041 3554 1079 3622 id
1109 3557 1275 3644 quosdam
1299 3578 1363 3648 per

245 3669 389 3751 puncta,
414 3661 535 3751 cuibus
552 3663 746 3752 sescuplum
768 3661 813 3732 ad
835 3658 1012 3729 dimidium
1031 3669 1263 3751 comparatur,
1289 3659 1363 3728 frn-

133 3758 140 3772 ‘
245 3769 315 3831 stra
334 3772 462 3834 11111111
480 3763 703 3856 intelligeret,
733 3787 806 3834 rem
836 3761 1065 3855 excogitavit„
1096 3764 1151 3832 cui
1175 3764 1238 3832 rite
1266 3785 1363 3832 exse-

244 3864 402 3954 quendae
421 3867 496 3959 ipse
518 3867 647 3958 Apollo
667 3869 779 3959 impar
807 3867 866 3952 sit,
900 3887 1089 3934 mensuram
1109 3865 1271 3957 dipodiae
1289 3874 1362 3934 tro·

247 3965 405 4055 clinicae,
443 3968 644 4042 trochaeum
670 3969 896 4039 irrationalem
924 3966 1099 4053 habende,
1134 3989 1176 4037 ex
1199 3967 1253 4038 his
1277 3990 1362 4041 con-

246 4135 455 4161 *Ψ-ψ--ι
502 4127 511 4144 ⁸

287 4217 318 4298 *)
344 4216 428 4279 Nihil
462 4241 537 4302 opus
567 4245 632 4286 esse
668 4223 726 4285 hac
755 4223 844 4286 merri
873 4222 1094 4310 descriptione,
1130 4242 1170 4291 ex
1202 4241 1238 4288 ca
1270 4237 1361 4302 quam

139 4365 142 4370 .
246 4313 352 4387 postea
375 4303 445 4368 dedi
461 4304 656 4388 dispositione
670 4329 813 4374 versuum
830 4309 1015 4393 intelligitur.
