3078 5026
283 359 347 426 lto
395 357 447 420 DE
467 353 727 420 MYTHOLOGIA
748 353 987 418 cnsnconvn
1007 354 1283 434 Anniovlssnts

231 530 454 630 'tHeyninsn
477 528 539 599 sed
558 537 596 598 ut
616 550 684 598 non
702 535 849 615 tantum,
869 536 1030 618 quantum
1044 527 1217 616 debebat,
1242 527 1325 602 buic
1348 531 1400 601 rei

279 635 444 705 tribuerit.
495 633 584 702 Nam
604 655 711 722 quum
733 633 820 701 bene
848 631 1078 719 intellexisset,
1110 639 1399 726 utrumqne·poe—

280 750 350 808 tam
370 735 479 807 multa
501 757 545 820 ex
574 735 808 806 vetnnioribus
836 735 1037 805 carminibus
1065 735 1233 824 hausisse,
1273 737 1398 806 admo-

280 841 383 912 nendi
403 847 515 926 eruut,
541 839 773 928 docendique,
806 839 866 926 qui
884 838 1067 930 explanare
1089 838 1223 908 fabulas
1242 840 1398 911 institue·

279 951 372 1030 reut,
395 965 556 1013 non-esse
578 941 661 1032 quid
676 943 847 1010 Homerus
865 937 924 1012 su't
943 941 1114 1011 Hesiodm
1133 942 1283 1014 sensisset
1302 944 1398 1014 inve—

161 1081 166 1102 ·
279 1047 489 1143 stigandum,
523 1045 584 1115 sed
605 1045 690 1137 quid
710 1044 762 1113 illi
781 1043 898 1114 dicere
915 1044 1113 1132 uoluissent,
1137 1046 1197 1136 qui
1209 1044 1263 1115 lais
1277 1055 1397 1116 auoto—

279 1175 333 1222 res
354 1152 497 1221 fuerunt
549 1149 608 1220 Sic
625 1147 790 1220 redibitur
816 1147 955 1237 quidem
983 1148 1028 1216 sd
1051 1149 1272 1242 allegoricam
1292 1151 1399 1220 inter-

278 1254 502 1349 pretationem
517 1249 640 1322 harum
654 1275 784 1337 rernm,
810 1251 870 1320 sed
887 1252 961 1324 ,alio
980 1251 1104 1338 modo,
1129 1276 1233 1342 quam
1248 1254 1309 1344 qui
1323 1262 1400 1322 mei
1442 1343 1446 1354 .

278 1359 344 1429 rito
374 1359 418 1427 ab
439 1357 680 1426 recentioribus
706 1355 941 1446 interpretibus
967 1355 1137 1447 explosus,
1150 1365 1209 1426 est
1268 1357 1399 1426 bitrem-

279 1461 378 1555 plum
411 1459 572 1546 afferam,
618 1480 688 1550 quo
714 1451 861 1528 'nullum
898 1459 1056 1528 illustrius
1097 1458 1234 1528 inveniri
1273 1467 1397 1550 potest.

278 1568 358 1636 Non
378 1563 549 1654 immerito
573 1563 646 1632 risit
670 1561 840 1633 Lucienus
867 1562 1055 1634 notissimos
1083 1559 1161 1632 illos
1182 1563 1218 1632 in
1242 1561 1399 1655 odyssea

279 1690 413 1739 versust
1424 1681 1431 1690 “

381 1812 450 1894 eds
471 1816 510 1893 δὲ
532 1813 621 1913 μέτ’
645 1813 826 1914 είςενόησα
849 1815 932 1916 βίην
953 1813 1204 1918 Ἡρακληείην,

382 1923 547 2024 αἴθαλον·
573 1912 682 1999 stede
703 1919 743 1993 de*
764 1915 850 2012 μετ’
870 1915 1097 1994 ἀθανάτοισι
1117 1926 1261 1995 θεοῖσιν
1396 1994 1400 2003 ,

380 2025 555 2122 τέρπεται
581 2026 619 2098 is
649 2019 778 2120 θαλίῃς
780 2076 796 2114 ,
822 2021 883 2096 καί
908 2022 979 2114 ἔχει
999 2019 1242 2122 καλλίσφυρον
1258 2019 1400 2133 Ἥβην.Ι

278 2176 401 2248 Refert
421 2177 592 2246 Homerus
614 2184 775 2267 accepta,
800 2175 968 2245 mirabilia
984 2174 1044 2244 illa
1065 2175 1203 2264 quidem
1222 2184 1327 2267 atque
1343 2178 1398 2248 iu*

279 2281 476 2367 credibilis,
509 2281 570 2349 sed
593 2279 722 2350 credita
742 2288 872 2348 tamen:
906 2279 998 2349 nude
1015 2301 1080 2371 pro
1104 2281 1316 2373 simplicitate
1336 2303 1397 2349 sua

278 2407 347 2454 non
365 2393 415 2453 est
430 2383 611 2470 sollicitus,
637 2381 814 2473 quomodo
831 2381 926 2452 idem
946 2383 1047 2454 simul
1059 2391 1095 2452 et
1116 2385 1209 2477 apud
1223 2385 1348 2454 inferos
1362 2391 1397 2452 et

279 2488 375 2581 apud
396 2489 536 2581 superos
558 2488 686 2580 degere
705 2487 823 2579 possit.
874 2489 922 2557 At
947 2487 1007 2578 qui
1032 2486 1120 2557 baec
1140 2489 1283 2573 invenit,
1314 2508 1395 2578 per-

279 2589 443 2661 ebsurdus
463 2591 597 2676 luisset,
622 2590 650 2658 si
670 2596 879 2660 commentus
903 2599 1009 2676 esset,
1033 2590 1130 2680 qnod
1143 2592 1219 2660 fieri
1233 2591 1396 2680 nequiret.

278 2694 379 2765 Absit
398 2715 480 2763 vero
502 2694 578 2761 talis
592 2691 749 2784 suspicio.
801 2692 890 2766 Nam
902 2693 964 2762 ille
984 2715 1087 2781 quem
1108 2691 1394 2789 agloria‘Hpo-
1522 2715 1523 2790 ff

279 2796 364 2869 κλέα
397 2796 600 2888 appellavit,
644 2797 802 2864 rirtmem
824 2798 932 2865 voluit
962 2796 1107 2889 intelligi
1136 2798 1198 2866 viri
1230 2797 1327 2866 fortis
1347 2806 1395 2864 'ac

280 2899 423 2967 strenui:
461 2900 521 2987 qui
546 2897 604 2968 ubi
634 2908 842 2983 moreretur,
883 2901 1011 2991 ipsum,
1052 2909 1089 2968 nt
1115 2900 1309 2986 mortalem,
1347 2897 1396 2966 ad
1522 2889 1523 2906 ¹

281 2999 412 3072 Orcum
434 3001 517 3070 dixit
536 3001 761 3085 descendere3
790 3003 946 3072 virtutem
970 3011 1100 3085 eutem,
1125 3012 1164 3070 ut
1186 3019 1261 3071 eom
1282 3007 1397 3070 aeter·

280 3129 359 3174 nam
381 3129 470 3193 esse,
496 3105 644 3195 seniique
659 3115 833 3198 expertem
848 3107 1054 3191 ostenderet,
1081 3105 1173 3199 apud
1187 3103 1397 3174 immortales
1521 3191 1522 3204 ρ

136 3289 143 3302 ³
280 3209 440 3278 luventae
469 3211 704 3281 consociavit·
741 3211 820 3296 Qua
844 3209 963 3280 fabula
987 3210 1074 3278 nibil
1101 3210 1259 3302 profecto
1284 3229 1396 3298 neque
1521 3255 1522 3258 κ

280 3311 389 3404 aptius
402 3314 523 3404 potnit,
547 3336 657 3402 neque
672 3313 881 3404 splendidius
897 3313 1045 3384 inveniri
1096 3313 1300 3384 Huiusmodi
1313 3330 1395 3381 vero
1521 3345 1522 3404 ρ

279 3415 428 3508 plurimu
454 3426 530 3484 sunt
547 3416 641 3507 apud
661 3418 869 3503 Homerum,
895 3439 1039 3507 qnorum
1060 3418 1221 3486 nonnulla
1237 3439 1307 3494 non
1321 3421 1396 3485 sunt
1521 3417 1522 3468 l

280 3520 314 3588 in
334 3521 485 3589 omnium
504 3529 689 3612 conspectu
709 3521 835 3614 posita:
867 3532 904 3590 ut
926 3543 1014 3611 quae
1039 3519 1074 3587 in
1097 3519 1211 3588 Iliadis
1231 3522 1321 3588 libro
1341 3541 1396 3587 se-

281 3623 394 3694 cundo
416 3625 462 3694 de
484 3634 619 3717 seeptro
641 3625 906 3717 Agamemnonis
928 3631 1118 3693 narrantur:
1151 3647 1239 3714 qnae
1248 3623 1303 3692 ita
1321 3629 1395 3690 sunt

281 3737 496 3819 conparata,
521 3739 558 3797 nt
578 3729 749 3798 Homenrs
767 3729 874 3821 longe
895 3729 992 3797 aliter
1013 3729 1126 3796 omnia
1140 3728 1241 3796 luerit
1260 3749 1396 3795 enarra-

280 3838 391 3916 turus,
428 3832 456 3900 si
477 3830 680 3900 intellectam
704 3831 875 3900 habuisset
895 3841 1044 3900 mentem
1065 3832 1173 3915 itlius,
1200 3854 1220 3897 a
1243 3853 1313 3920 quo
1334 3830 1396 3897 ista

281 3943 471 4024 acceperat
531 3934 645 4019 Quem
686 3935 713 4002 si
746 3943 939 4025 reputamus
971 3935 1096 4025 Pelopi
1130 3935 1268 4022 eiusque
1304 3929 1396 4026 genti

280 4049 437 4125 regnum
465 4038 693 4132 Peloponnesi
732 4037 852 4105 datum
885 4035 1015 4123 dicere,
1056 4059 1120 4106 nee
1159 4035 1297 4106 Tantali
1330 4035 1396 4103 mi-
1438 4059 1447 4070 ·

210 4225 216 4232 ¹
280 4137 432 4206 rabimur
464 4161 533 4209 non
567 4165 640 4210 esse
677 4143 882 4210 mentionem
920 4142 1067 4227 iactam,
1113 4162 1225 4230 neque
1261 4141 1297 4208 in
1331 4138 1396 4223 his,
1519 4185 1520 4210 ι

281 4231 369 4331 quu'e
397 4261 466 4312 non
493 4253 569 4314 sunt
593 4267 635 4314 ex
659 4268 755 4316 more
779 4245 923 4316 Homeri
955 4266 998 4316 eo
1030 4246 1111 4317 loco
1142 4243 1251 4332 diota,
1282 4241 1396 4312 offen-

283 4345 410 4415 demus.
