3058 5046
282 341 347 408 roo
572 318 1081 410 ‘xunmon‘mnnrzznn

283 509 451 606 gignitur,
499 511 543 578 ad
574 510 643 592 ld‚‘
667 511 761 600 quod
789 511 938 604 g'enitum
964 519 1023 578 est.
1075 507 1179 596 Quod
1206 511 1234 578 si
1259 511 1397 580 omnino

283 637 385 705 apem
399 634 465 704 pro
478 615 579 682 melle
596 614 662 681 dici
679 616 770 701 licet,
794 614 911 702 quidni
927 613 1028 683 liceat
1039 615 1143 682 'etiam
1162 615 1283 682 multas
1303 637 1397 704 apes,

205 744 207 754 ·
285 727 342 785 ant
375 739 514 785 examen
548 715 676 807 apum?
719 719 760 784 In
784 739 853 805 quo
878 717 906 784 si
931 718 1053 807 copiae
1072 717 1242 805 quaedum
1265 717 1397 808 signill-

207 815 211 820 ’
284 821 373 890 catio
386 821 495 904 ἰαθεὶς
514 820 656 888 latenter
670 820 769 907 inest,
797 820 877 907 qnia
896 840 965 907 quo
984 820 1092 888 maior
1107 815 1215 911 apum'
1230 843 1397 902 numerus,

283 932 376 991 tanto
402 922 509 990 maior
525 925 625 991 etiarn
650 923 758 993 mellis
784 924 894 1012 copia.
945 923 1049 1012 Atqui
1070 924 1142 1013 apis
1164 923 1298 991 nominc
1325 924 1397 989 sine

284 1027 480 1114 cuiusquam
505 1025 637 1095 offemu
662 1025 706 1095 de
731 1026 831 1095 melle
855 1047 932 1093 usus
950 1037 1014 1095 est
1029 1026 1222 1116 Sophocles
1247 1026 1281 1092 in
1306 1023 1411 1094 oen.-

284 1127 360 1198 001.
386 1125 473 1195 48⁰.

270 1353 276 1372 ,
387 1283 431 1354 O·
463 1278 533 1352 τοῦ
559 1261 666 1354 τόνδε
694 1273 829 1378 πλήσας
854 1281 932 1372 ed,-
959 1279 1101 1354 δι’δασιιε
1123 1279 1182 1354 καὶ
1204 1273 1301 1356 τόδε.

386 1387 437 1456 Χ.Ι
464 1379 617 1474 ὕδατος,
642 1383 826 1482 μελίσσης·
852 1377 904 1480 μή
931 1384 969 1456 δὲ
985 1386 1196 1482 σρσςφέριιν
1216 1384 1327 1476 μέθυ.

283 1536 382 1622 Quae
411 1558 516 1624 quum
548 1536 598 1603 ita
628 1536 708 1622 sint,
739 1535 786 1606 sic
811 1536 1021 1628 statuendum
1048 1537 1129 1620 erit,
1168 1535 1268 1604 etiam
1299 1533 1395 1625 apud

236 1639 467 1728 tdEpinicum
485 1632 597 1728 ἑσμόι
616 1637 783 1732 μελίσσης
788 1692 803 1727 ,
835 1640 1034 1728 utumque,
1061 1661 1200 1711 examen
1223 1660 1328 1728 apum
1350 1637 1396 1706 si-

281 1742 462 1832 gnificare:
494 1739 598 1827 quisi
620 1740 722 1810 dulce
747 1742 817 1808 mel
841 1741 941 1809 dulce
964 1764 1102 1810 examen
1119 1741 1300 1812 iracundae
1323 1742 1395 1830 apis

281 1844 432 1927 vocavit,
463 1835 571 1932 ἑσμός
591 1844 746 1932 proprie,
771 1843 927 1910 translate
946 1853 1058 1911 autern
1079 1846 1232 1934 μέλισσα
1255 1844 1394 1912 diciturz

281 1968 370 2035 quae
385 1944 555 2012 translatio
573 1947 600 2012 si
613 1968 677 2014 nec
690 1946 807 2012 vitiosa
825 1968 935 2032 neque
957 1947 1191 2029 inusitatam,
1217 1947 1395 2024 coniuncta

280 2037 423 2138 utraque
454 2067 539 2114 voce
569 2046 655 2115 nihil
681 2047 742 2114 nisi
768 2048 1038 2138 magnificentior
1066 2048 1154 2118 haec
1180 2058 1228 2116 est
1260 2060 1396 2118 etcum

280 2151 428 2242 quadam
446 2150 568 2240 copiae
578 2191 580 2197 ,
591 2149 842 2242 significatione·
859 2154 1051 2222 consociata
1066 2153 1174 2220 mellis
1195 2151 1397 2244 descriptio:

282 2277 370 2344 quae
406 2254 498 2322 siin
526 2276 574 2322 re
593 2254 692 2346 gravi
718 2264 893 2347 usurpata·
908 2267 1010 2345 esset,
1053 2267 1091 2326 ιιι
1119 2256 1178 2325 ubi
1206 2255 1396 2346 Aeschylus

261 2361 317 2428 *iu
340 2358 449 2427 Persis

384 2512 447 2608 τῆς
473 2507 733 2610 ἀνθεμουργοῦ
758 2508 903 2610 στάγμα
929 2513 1099 2612 παμφαὲς
1122 2515 1206 2610 μέλι

282 2674 542 2750 commemorat,
576 2666 769 2735 landaretur
797 2667 953 2748 fortasse3
985 2691 1073 2738 nunc
1093 2677 1224 2756 autem,
1256 2666 1395 2734 adrem

281 2770 403 2838 exilem
420 2768 604 2856 adhibita,
644 2771 834 2840 subtumida
862 2781 911 2838 est
944 2781 977 2840 et
1005 2793 1095 2861 pene
1125 2771 1284 2854 ridicula,
1316 2769 1396 2838 licet

264 2873 351 2941 'vel'
369 2872 416 2941 sic
449 2873 557 2940 minos
589 2871 908 2962 reprehendenda„
932 2897 1033 2960 quam
1067 2897 1169 2960 quem
1186 2881 1189 2891 ’
1204 2873 1238 2942 in
1273 2872 1395 2944 cadem

280 2974 534 3066 Mnesiptolemi
566 2975 714 3041 oratione
732 2973 899 3040 'videmus
931 2976 1084 3067 γέροντα
1119 2967 1257 3044 Θάσιον
1265 3025 1278 3060 ,
1313 2993 1395 3042 vere

279 3079 376 3148 illum
401 3079 464 3146 isto
481 3077 585 3166 ¹quod
609 3097 710 3165 supra
732 3075 832 3166 tetigi
857 3073 936 3142 vitio
957 3075 1176 3146 laborantem.

383 3280 562 3350 Caeterum
588 3279 631 3348 ad
657 3282 799 3350 verbum
824 3274 1046 3376 iopdc’quod
1057 3281 1197 3365 attinet,
1221 3279 1261 3348 id
1272 3280 1301 3346 si
1315 3303 1393 3350 cum

280 3385 349 3454 leni
377 3383 494 3474 spiritu
514 3383 683 3467 scribitur,
713 3386 787 3455 usui
807 3383 877 3453 hoc
899 3386 1035 3452 cuidam
1058 3384 1275 3454 tribuendum
1298 3393 1393 3472 puto,
1432 3371 1441 3390 '

280 3488 342 3558 sed
367 3487 398 3556 ei
422 3485 533 3555 nescio
556 3509 600 3554 an
620 3508 737 3580 pravo.
795 3489 874 3555 Non
897 3489 985 3560 enim
1011 3487 1233 3556 dubitandum
1260 3488 1393 3554 videtur

279 3587 360 3682 quin
380 3589 451 3662 hoc
481 3611 605 3658 nomen
630 3615 650 3660 a
673 3591 777 3659 verbo
801 3595 864 3675 ἔξω
892 3589 1078 3660 derivatum
1102 3591 1159 3674 sit,
1192 3590 1288 3678 qnod
1311 3611 1393 3682 apes

262 3695 504 3788 ‘conglobatae
520 3693 764 3765 adhaerescere
778 3693 902 3762 alicubi
916 3705 949 3762 et
963 3693 1137 3763 considere
1154 3692 1271 3761 solent.
1297 3693 1393 3762 Tan-
1432 3719 1436 3728 ·

279 3807 352 3866 tum
372 3799 466 3870 abest
480 3805 592 3865 autem
614 3807 651 3865 ut
664 3796 832 3866 Euutathii
852 3797 1078 3864 testimonium
1094 3795 1266 3886 repudiari
1280 3795 1393 3878 velim,

280 3909 318 3969 ut
333 3898 457 3968 nomen
474 3893 653 3994 ἀφισμός,
681 3899 775 3987 quod
796 3899 854 3965 ille
871 3921 912 3980 ex
930 3899 1112 3970 Aristotele
1124 3899 1240 3982 affert,
1254 3898 1301 3964 'in
1317 3921 1393 3965 ma-

280 4001 368 4070 xime
387 4002 540 4094 genuinis
561 4001 812 4070 numerandum·
828 4005 992 4073 censeam.
1045 4000 1150 4085 Quod
1170 4023 1294 4070 nomen
1315 4022 1393 4068 sanc

263 4135 271 4144 ·‘
281 4122 349 4172 non
366 4113 476 4193 potest
495 4104 588 4174 idem
605 4105 810 4196 significare,
837 4103 930 4192 quod
944 4098 1069 4194 ἑσμόςι
1094 4116 1210 4174 verum
1226 4103 1392 4194 significat

267 4207 383 4277 :etiam
395 4207 496 4274 aliam
510 4230 591 4276 rem.
642 4209 757 4278 Verba
778 4207 963 4278 Aristotelis
981 4207 1040 4276 IX.
1055 4205 1117 4294 21,
1142 4205 1177 4276 6.
1205 4207 1292 4275 haee
1305 4215 1393 4273 sunt:

268 4339 272 4346 ·‘
282 4315 319 4385 οἱ
336 4308 374 4384 δὲ
393 4313 553 4402 deocisis
569 4305 614 4383 σύ
634 4312 810 4385 πέτονται
829 4311 912 4398 ἔξω,
939 4302 1002 4384 cdv
1025 4304 1079 4408 μή
1091 4304 1198 4406 perci
1220 4306 1392 4386 dietrami
