3058 5046
269 376 333 448 ΜΒ
486 378 701 441 CENSVRA
726 377 886 440 NOVAE
914 373 1158 440 unimodis

270 547 357 623 m.
382 549 516 635 dicunt,
540 571 601 622 nos
619 551 654 618 in
671 549 846 620 Addeodis
866 551 911 620 ad
934 547 1087 642 Orphica
1104 573 1140 640 p.
1162 569 1236 620 xxv.
1264 549 1381 622 cede.-
1458 617 1461 628 ,

269 654 336 726 oim
350 675 460 722 versus
475 647 627 721 Hermeti
647 654 739 746 apud
759 655 944 722 Stohaedm
961 653 1037 722 Ecl.
1057 653 1078 719 i.
1101 651 1136 718 d
1152 674 1187 742 p.
1207 648 1292 718 1³4.
1318 652 1381 720 tri-

269 757 387 844 butos,
425 765 504 848 post
524 755 730 825 Haerenium
750 754 911 847 Orphiois
934 755 1131 827 c'arrninibus
1155 753 1381 822 adnumeran-

267 859 333 927 ‘dos
352 865 491 950 putare,
516 859 600 926 ahos
620 868 731 926 autem
751 859 908 928 undecim
924 858 1078 928 debuisse
1096 856 1269 940 adnotare,
1294 879 1380 945 quos

268 962 362 1030 idem
383 961 567 1030 Hcerenius
584 959 728 1051 Orpheo
748 961 974 1031 vindicaverit
1023 961 1070 1028 At
1090 981 1151 1027 nos
1172 959 1379 1028 Heereuium

268 1063 345 1132 illos
364 1063 525 1132 tredecim
550 1085 661 1132 versus
682 1064 949 1136 adnumerandos
970 1061 1131 1152 Orphiois
1146 1070 1266 1153 putare
1291 1061 1381 1129 diri-

268 1184 360 1251 mus,
389 1187 456 1234 non
489 1165 607 1250 etiam,
640 1189 700 1234 nos
729 1169 776 1235 ita
802 1168 930 1236 sentire.
988 1162 1100 1233 Valde
1127 1164 1216 1232 euim
1243 1163 1382 1254 dubita-
1451 1187 1454 1198 ¹

267 1291 360 1352 mus,
393 1289 437 1336 an
462 1266 503 1336 ht
521 1290 649 1355 uersus,
689 1269 874 1360 dequibus
896 1256 1110 1356 caeteroquin
1138 1266 1383 1336 accuratissime

270 1381 493 1464 exposuerunt
516 1367 673 1442 Editores
699 1371 882 1458 Thesauri,
917 1393 984 1439 non
1011 1370 1074 1438 sint
1099 1369 1265 1460 Orphici‚
1300 1369 1324 1437 i.
1349 1393 1381 1443 e.

269 1494 388 1544 eorum
418 1467 592 1544 auctorum
614 1476 817 1566 cuiuspiam,
844 1475 1010 1563 aquibus
1029 1473 1088 1542 iiia
1109 1470 1268 1564 proiectu
1294 1480 1381 1557 suut,

268 1599 357 1666 quae
380 1575 525 1668 Orpheo
551 1579 594 1646 ab
616 1577 852 1666 antiquioribus
875 1577 1113 1646 adscribuntur.
1166 1577 1253 1644 Nam
1270 1583 1305 1642 et
1324 1597 1381 1640 ar-

269 1687 467 1771 gumentum
486 1680 605 1770 paullo
626 1675 717 1748 aliud
732 1671 881 1768 videtur,
910 1701 973 1748 neo
998 1678 1131 1749 dicendi
1154 1677 1380 1770 genusplane

270 1802 347 1849 cum
363 1781 499 1852 caeteris
513 1783 676 1851 convenit
728 1782 833 1868 Quod
855 1805 935 1850 vero
956 1781 1001 1850 ad
1021 1781 1180 1850 undecim
1200 1779 1287 1864 illos,
1313 1780 1380 1849 sive

157 1957 165 1976 Ι
269 1883 390 1952 decem
412 1883 540 1975 potius,
566 1907 678 1954 versus
698 1887 829 1970 attinet,
855 1886 899 1954 ub
916 1883 1039 1952 eodem
1053 1883 1203 1952 Stobaeo
1223 1883 1258 1950 in
1272 1882 1380 1952 Ecle-

268 1985 321 2077 gis
347 1985 369 2052 i.
394 1985 429 2054 3.
463 2007 498 2077 p.
519 1985 581 2054 68.
612 1995 773 2071 serratos,
813 2007 872 2058 eos
895 1987 996 2055 ctiam
1019 2007 1181 2078 negamus
1207 1983 1380 2076 Orphioos

270 2109 356 2171 esse,
390 2088 417 2156 si
443 2109 512 2156 non
541 2089 615 2158 aliis
647 2089 693 2158 de
723 2090 860 2176 caussis,
900 2099 991 2159 certe
1026 2097 1169 2180 propter
1199 2088 1381 2158 dialectum

268 2189 439 2259 Doricum
490 2191 606 2275 Quare
628 2191 723 2282 quad
745 2194 856 2278 aiunt,
888 2192 1072 2285 vindicasse
1094 2191 1298 2260 Heerenium
1315 2191 1380 2258 hos

267 2315 381 2361 versus
399 2291 563 2383 Orpheo,
602 2295 639 2362 id
673 2297 834 2365 vellemus
865 2295 1067 2388 argumentis
1093 2293 1380 2364 demonstrassent

242 2411 248 2428 ¹
268 2395 425 2484 Namque
447 2396 499 2464 ilii
520 2395 752 2489 Orphicorum
775 2398 965 2472 conditores
987 2397 1143 2467 nonalia
1164 2397 1309 2466 dialecto
1330 2397 1381 2465 usi

270 2507 363 2583 suut,
395 2507 452 2566 aut
484 2500 532 2567 uti
561 2511 758 2591 potuerunt,
798 2525 900 2592 quam
929 2525 990 2587 ea,
1030 2523 1118 2590 quae
1153 2501 1197 2567 ab
1227 2499 1380 2568 omnibus

191 2651 193 2656 -
270 2599 409 2670 Graecis
426 2602 723 2690 antiquissimorum
739 2614 915 2695 poetarum
937 2604 1052 2695 lingua
1068 2603 1264 2680 haberetur:
1290 2601 1381 2670 unde

268 2703 309 2771 iis
330 2727 351 2770 a
374 2701 501 2772 Dorica
529 2705 762 2774 abstinendum
790 2705 863 2773 fuit
920 2699 1099 2776 Praeterea
1122 2727 1203 2774 vero
1232 2695 1317 2772 nihii
1346 2706 1381 2772 in

268 2803 336 2870 istis
357 2804 502 2872 versibus
526 2815 592 2888 est,
629 2807 724 2894 quod
750 2830 948 2895 nonaeque
973 2808 1243 2896 aquovisalio,
1277 2829 1380 2897 quam

270 2904 315 2971 ab
341 2901 497 2994 Orphico
518 2905 696 2994 scriptore,
736 2909 804 2978 dici
826 2911 983 2997 potuerit.
1043 2910 1165 2996 quue
1186 2910 1312 2993 minus,
1344 2917 1384 2978 ut

268 3027 462 3096 speramus,
501 3007 705 3078 mirabuntur
727 3009 885 3078 Editores
914 3009 1111 3094 doctissimi,
1153 3010 1248 3098 quod
1269 3027 1384 3098 neque

263 3130 374 3196 ¹quum
402 3107 558 3200 Orphica
588 3111 780 3200 ederemus,
828 3133 940 3180 versus
959 3111 1038 3178 illos
1066 3113 1381 3181 commemorandos

261 3211 475 3301 putavimus,
508 3235 618 3304 neque
636 3229 728 3286 'nunc
751 3203 967 3300 adducimur,
998 3223 1036 3282 ut
1056 3237 1115 3283 eos
1134 3213 1296 3306 Orphiois
1316 3216 1379 3283 ad-

267 3315 491 3383 numerandus
529 3339 599 3384 esse
640 3318 735 3385 nobis
772 3318 1042 3408 persuadeamus.
1111 3318 1181 3387 Sed
1223 3311 1381 3406 quoniam

269 3417 369 3486 valde
392 3417 542 3511 corrupti
566 3427 658 3506 sunt,
692 3442 802 3510 neque
824 3443 882 3489 eos
904 3420 1083 3490 emendare
1105 3421 1235 3513 placuit
1257 3421 1380 3489 ndito-

238 3525 244 3532 '
268 3521 360 3589 ribus
375 3521 559 3612 Thesauri,
590 3523 708 3614 paullo
730 3523 912 3594 correctius
935 3522 1076 3614 scriptos
1100 3525 1283 3608 dabimus,
1281 3545 1380 3612 ,qua-

126 3617 131 3625 “
269 3645 346 3691 rum
373 3633 485 3694 tamen
516 3627 760 3696 correctionum
782 3635 914 3719 partem
936 3626 1075 3713 Grotio,
1109 3628 1286 3712 Piersono,
1324 3626 1380 3694 la-

271 3727 387 3840 oobsio
406 3737 582 3821 acceptam
599 3731 791 3800 referimus.
1333 3750 1344 3772 ·

1518 4103 1519 4144 i

224 3939 268 4000 23
374 3929 573 4027 Hpuuia'oc
598 3933 797 4030 κρατεροῦ,
825 3934 862 4014 ὂς
881 3932 950 4027 rein
968 3928 1147 4028 ἑκόθαριι
1169 3929 1327 4021 ἅπασαι,

218 4057 230 4079 ··
374 4029 585 4127 πετροβάτα
607 4063 648 4106 τε
670 4037 782 4124 droti,
812 4030 934 4114 Παιος
957 4035 1102 4128 vopisco
1124 4029 1303 4160 piperisve,

375 4135 576 4206 decade
540 4165 563 4208 τ
597 4137 743 4234 ιατῆρος
757 4134 979 4234 Ἀσκληπιοῦ
1004 4135 1220 4230 o'idrodo'ra,

349 4234 352 4240 ’
375 4238 590 4328 πρεσβίστας
609 4266 649 4311 τε
671 4247 770 4320 θεοῖς
784 4238 937 4331 ‘Desine
953 4233 1259 4362 μειλιχοδῶροιι,

264 4363 266 4370 ’
373 4335 479 4408 ναυσί
502 4363 525 4408 τ
529 4335 642 4413 '’du
614 4337 834 4438 ωιιιιιιόροισι
849 4335 1112 4438 Arocaodpuu’
1094 4334 1310 4438 επιφιέιτοιι,
1463 4341 1467 4348 ’
1518 4323 1519 4392 ³
