3120 5030
290 385 292 394 ,
359 320 603 384 sennonrs
635 278 876 384 u'onanrcr
900 323 1051 386 orsas
1226 326 1271 392 ιο

148 493 295 564 iusmodi
314 496 508 587 exemplum
530 503 634 563 exstat
659 522 689 567 o.
711 455 799 570 595.
822 519 861 566 ss.
927 497 982 566 Ex
1002 495 1070 565 hac
1093 495 1316 588 significa-18
1358 565 1360 572 ,

122 633 125 638 ’
147 598 241 666 tione
260 598 477 690 explicandus
493 598 718 670 coniunctivns
738 599 806 669 od.
828 609 855 682 ξ.
874 597 960 667 32Ί.
980 592 1047 672 τόν
1064 596 1101 672 δ’
1124 606 1158 680 ἐς
1179 601 1270 672 Ao-
1343 655 1345 660 ·
1409 651 1411 658 ι

150 696 264 797 δοίνην
295 695 393 795 φοίτα
413 695 573 798 βήμεναι
581 751 604 789 ‚·
622 698 721 798 ὄφρα
742 707 848 776 decio
870 706 908 776 ἐν
935 694 1049 794 δροιίς
1069 694 1269 796 ὑψικόμοιο

150 798 244 884 Arde
275 797 410 899 βουλήν
449 798 664 888 ἐπακούσαι,
706 803 827 886 ὅππως
862 799 1020 900 νοστήσῃ
1056 797 1200 902 Ἰθιίνῃο
1235 807 1270 884 ἑο

148 905 259 979 πίονα
292 906 419 1000 δῆμον,
478 905 578 975 Certe
607 907 785 999 vulgatum
826 901 983 1004 νοστήσῃ
1024 915 1171 996 praestat
1215 925 1269 989 eo,

148 1009 245 1098 quod
280 1009 425 1076 wolfius
463 1008 576 1096 dedit,
623 1004 800 1107 νοστήσει.
853 1009 923 1078 Sed
960 1009 1019 1077 ubi
1051 1008 1140 1078 haec
1168 1030 1270 1098 repe·
1355 1021 1357 1026 '

147 1121 281 1196 tumor,
311 1139 345 1184 τ.
365 1108 450 1179 296.
482 1133 618 1201 prorsus
644 1112 688 1180 de
719 1136 815 1181 more
846 1112 1008 1204 scriptum
1037 1121 1104 1197 est,
1148 1107 1270 1208 ὄππιος

148 1207 337 1310 νοστήσειε
374 1212 479 1311 φίλην
511 1219 544 1295 ἐς
581 1213 741 1311 πατρίδα
788 1222 905 1309 γαῖαν.
985 1214 1122 1282 Eodem
1161 1211 1268 1280 modo

147 1317 289 1384 fortasse
319 1317 375 1384 alii
405 1339 543 1407 quoque
564 1318 783 1404 coniunctim,
818 1327 855 1387 ut
880 1317 976 1386 lliad.
1000 1324 1042 1410 β.“
1063 1316 1098 1386 4.
1129 1315 1269 1384 defendi

145 1428 316 1511 poterunt.

250 1523 406 1612 Denique
420 1524 734 1592 commemorandus
748 1531 796 1592 est
815 1523 843 1590 is
858 1521 1059 1592 coniunctivi
1077 1545 1171 1610 usus,
1197 1543 1267 1610 quo

147 1623 208 1694 hic
227 1626 349 1694 modus
363 1627 456 1717 apud
471 1629 662 1698 Homerum
678 1628 780 1695 etiam
796 1626 886 1694 solus
903 1623 975 1717 per¹
987 1649 1023 1696 se
1038 1626 1151 1696 futuri·
1162 1624 1264 1717 signi-

145 1729 338 1798 ficationem
361 1725 475 1798 habet.
535 1729 604 1814 Qui
631 1753 709 1798 usus
731 1729 930 1798 derivandus
962 1738 1011 1796 est
1033 1751 1075 1796 ex
1097 1729 1268 1821 signitica-

147 1832 239 1917 tjone
269 1832 471 1919 dubitativa,
510 1855 611 1923 quam
635 1833 670 1903 in
694 1833 906 1903 coniunctivo
934 1855 1005 1900 esse
1026 1833 1102 1900 satis
1128 1841 1267 1904 constat.

148 1936 211 2014 Est
234 1923 345 2022 autem
363 1934 461 2026 *haec
481 1936 681 2028 significatio
702 1936 840 2026 duplex.
891 1937 979 2004 Nam
1001 1944 1060 2002 aut
1079 1937 1115 2002 in
1136 1958 1178 2004 eo
1193 1957 1268 2004 cer-

147 2038 254 2124 nitur,
287 2039 382 2128 quod
406 2040 579 2132 agendum
597 2041 656 2125 sit,
697 2063 801 2129 quam
820 2038 1075 2106 deliberativam
1096 2035 1300 2130 significa·'
1349 2083 1352 2090 ·

146 2142 275 2210 tionem
294 2143 433 2210 dixeris:
467 2166 573 2232 eaque
595 2143 788 2227 Homerus,
821 2142 946 2232 pariter
973 2163 1014 2210 ac
1034 2143 1158 2212 caeteri
1185 2142 1283 2210 scri-v

146 2253 280 2335 ptores,
306 2254 435 2314 tantum
454 2247 490 2312 in
509 2246 619 2336 prima
636 2268 781 2336 persona
801 2245 869 2313 sive
891 2244 1066 2335 singularis
1094 2245 1163 2313 sive
1186 2244 1268 2334 plu·
1367 2277 1368 2282 ¹

146 2349 226 2415 ralis
249 2347 380 2414 numeri
402 2347 520 2432 utitur,
554 2347 647 2416 cuius
667 2349 717 2415 rei
738 2349 902 2416 rationem
932 2346 998 2414 alio
1026 2345 1107 2415 loco
1128 2347 1269 2438 aperui;

145 2459 205 2518 aut
235 2458 367 2541 spectat
394 2449 440 2516 ad
470 2449 523 2532 id,
557 2448 651 2537 qnod
676 2451 718 2516 sit
747 2450 803 2517 vel
825 2449 901 2530 fiat,
934 2469 1037 2537 quam
1057 2447 1269 2517 coniectura-

146 2555 215 2621 lem
238 2552 407 2644 appellari
429 2552 561 2636 licebit,
597 2575 666 2640 qua
687 2552 857 2619 Homerus
882 2551 917 2618 in
943 2552 1097 2619 omnibus
1116 2552 1268 2644 personis

147 2657 258 2734 utitur.
310 2654 462 2744 Vtraque
484 2677 553 2722 non
575 2655 702 2744 ubique
730 2655 887 2722 eamdem
914 2654 983 2720 vim
1008 2650 1121 2722 habet.
1178 2657 1267 2724 Nam

147 2770 185 2826 ut
208 2761 250 2844 in¹
267 2761 421 2827 omnibus
441 2757 564 2849 linguis
587 2759 710 2843 multa,
737 2782 825 2847 quae
843 2767 1017 2846 tamquam
1033 2757 1166 2836 incerta,
1181 2781 1267 2850 pro-

147 2863 317 2945 feruntur,
348 2863 395 2929 ita
417 2861 485 2930 dici
508 2863 633 2945 solent,
667 2871 703 2930 ut
722 2861 834 2952 potius
852 2863 997 2930 maxime
1023 2860 1185 2930 affirmari
1212 2863 1266 2930 in-

147 2965 360 3056 telligantur,
383 2957 444 3052 ‘ita
469 2963 563 3033 idem
579 2965 720 3034 Graecis
742 2965 777 3032 in
794 2963 1004 3034 coniunctivo
1018 2963 1171 3032 videmus
1186 2964 1265 3056 pla·
1357 2985 1362 2990 ·

148 3069 263 3136 coisse.
332 3068 450 3160 ltaque
482 3091 587 3156 quum
618 3069 729 3160 ἴωμεν
768 3067 908 3158 proprie
948 3066 1128 3134 dubitantis
1167 3077 1263 3154 esset,

149 3169 273 3239 deinde
312 3170 357 3238 ad
394 3169 664 3238 adhortationem
700 3170 942 3259 decretumque
979 3170 1174 3238 translatum
1204 3180 1264 3244 est.

147 3273 284 3342 Eodem
302 3273 407 3364 igitur
420 3269 527 3342 ruodo
550 3273 583 3340 in
602 3272 662 3339 illa
691 3272 909 3344 coniecturali
928 3271 1173 3363 significatione
1191 3276 1265 3364 pri·

146 3398 205 3444 mo
227 3377 391 3445 incertum
412 3377 612 3468 intelligitur
632 3376 793 3446 futurum.
844 3376 1075 3468 Telemachus
1096 3378 1130 3444 in
1151 3377 1264 3466 primo

145 3480 235 3547 libro
254 3477 446 3568 Odysseae,
472 3481 532 3548 ubi
554 3501 623 3547 non
642 3479 803 3550 affectare
818 3504 853 3548 se
869 3501 1012 3569 regnum
1028 3479 1126 3561 dieit3
1153 3500 1264 3566 quon·
1358 3472 1361 3477 ’

146 3582 214 3658 iam
237 3582 335 3652 multi
356 3583 419 3650 sint
440 3583 475 3650 in
497 3580 616 3652 Ithaca
641 3581 703 3649 viri
728 3583 861 3674 generis
883 3581 1056 3648 nobilitate
1079 3580 1263 3673 conspicui,

146 3685 280 3755 subiicit
298 3709 330 3752 v.
354 3683 442 3753 396.
453 3689 461 3728 ¹*
474 3684 547 3757 anio
565 3687 624 3758 ιιέν
646 3683 702 3763 τις
718 3679 800 3756 τόδ’
819 3685 939 3777 ἔχῃσιν
944 3736 958 3770 ,
985 3680 1062 3756 ἐπεὶ
1080 3676 1173 3755 θοίνα
1191 3687 1265 3764 δῖος

145 3781 350 3866 Ὀδυσσεύς.
376 3787 435 3857 Sic
456 3788 556 3855 etiam
577 3789 608 3858 δ.
631 3783 719 3859 691.
735 3783 759 3881 ή
778 3780 816 3857 τ’
839 3784 914 3858 ἐστί
933 3783 1009 3882 δίνη
1023 3783 1134 3858 θείων
1150 3792 1263 3878 βασι..

146 3886 243 3986 λήιον
249 3943 263 3978 ,
298 3885 468 3963 ἅλλοντ’
499 3887 693 3986 ἐχθαίρῃσι
723 3887 889 3984 βροτῶν,
926 3884 1036 3960 ἄλλον
1059 3912 1099 3958 ιιι
1128 3886 1262 3986 φιλοίη.

145 3992 238 4061 rrae
262 3992 358 4060 maa.
380 3999 416 4086 ῃ,
439 3990 527 4062 ree.
553 3990 621 4060 oa.
644 3999 680 4085 ρ,
702 3991 787 4060 aaa.
809 3994 840 4064 ι.
854 3989 947 4060 uro.
969 4017 1000 4062 ι.
1016 3985 1102 4056 215.
1154 3992 1266 4062 mer-
1310 4021 1312 4026 -
1420 3949 1423 3956 ’

104 4095 106 4100 ’
146 4095 229 4164 dum
251 4117 342 4186 pene
364 4095 449 4164 nihil
466 4120 487 4163 a
506 4094 651 4186 simplici
668 4095 784 4184 futuro
801 4092 928 4178 differt,
954 4099 991 4158 ut
1009 4093 1106 4160 lliad.
1126 4093 1263 4166 π.129.
1379 4118 1388 4139 ·

146 4196 206 4269 Od
236 4225 277 4292 μ.
301 4197 387 4270 383.
413 4198 484 4266 Sed
500 4216 601 4290 saepe
621 4196 729 4266 habet
741 4196 917 4265 fortiorem
936 4197 1119 4283 quamdam
1134 4198 1204 4266 vim
1223 4221 1264 4268 ac

145 4300 313 4388 futurum,
338 4303 386 4370 ita
407 4309 445 4372 ut
468 4301 568 4370 etiarn
588 4301 742 4404 afuturo
767 4297 1007 4392 distinguatur3
1034 4299 1103 4372 Od.
1119 4326 1157 4375 π.
1175 4298 1262 4368 43Ί.

1310 1247 1315 1280 l
