3080 5054
274 367 341 432 m
543 355 769 427 onuvs1s
796 353 1118 428 suvv-ttnlovs
1152 395 1155 402 ⁴

275 558 381 630 opere
406 534 451 605 de
483 533 523 604 iis
552 533 713 625 seriptum
749 535 875 606 literit?
916 535 995 606 Non
1017 542 1123 606 exstat
1150 535 1254 620 enim,
1292 537 1391 628 quod

213 717 215 722 ,
275 661 343 732 ego
386 640 507 725 sciam,
548 639 687 728 aliquod
718 637 856 710 Eumeli
888 639 1134 732 fragmentum,
1181 640 1272 710 unde
1304 663 1391 709 oon-

273 744 437 814 iouturam
479 762 602 842 capere
639 742 758 829 liceat,
803 741 865 810 nisi
909 742 999 812 forte
1046 743 1096 810 illi
1125 752 1222 814 ‘octo
1263 767 1389 829 versus,

273 869 359 936 quos
399 843 620 915 Ruhnkenius
661 844 685 911 1.
726 845 750 912 l.
787 845 977 916 tractavitr'
1028 846 1088 934 qui
1120 866 1200 913 *non
1240 845 1391 915 debebat

273 950 437 1018 Tzetzam
476 947 522 1016 ad
563 948 828 1041 Lycophronem
866 971 898 1020 v.
940 945 1052 1015 1024.
1100 955 1133 1018 et
1173 949 1282 1018 multo
1322 950 1388 1018 mi-

272 1055 334 1121 nus
383 1051 580 1121 Pausaniam
626 1051 670 1120 ll.
721 1050 763 1138 d,
814 1050 850 1120 8.
900 1052 1095 1143 negligere,
1144 1053 1204 1141 qui
1248 1052 1390 1122 eosdem

272 1155 409 1226 Eumeli
445 1177 555 1223 versus
590 1163 815 1246 respexerunt
866 1154 918 1224 ·ln
948 1156 1069 1244 quibus
1097 1155 1247 1224 versibus
1282 1177 1390 1245 quum

146 1293 159 1304 ἢ
271 1259 375 1328 Aloei
417 1258 542 1326 mentio
582 1258 657 1343 liat,
707 1257 855 1327 Aloidae
902 1267 1015 1326 autem
1060 1257 1182 1326 eodem
1224 1259 1389 1327 Pausania

271 1371 408 1434 anctore
441 1362 500 1429 lx.
528 1357 597 1446 29,
632 1359 666 1428 2.
691 1362 792 1430 trium
813 1361 990 1430 Musarum
1011 1361 1138 1446 cultum
1161 1362 1195 1428 in
1217 1362 1388 1430 Helieone

270 1464 516 1550 constituerint,
551 1464 717 1534 coniicere
754 1464 829 1554 quis
871 1457 995 1556 possit,
1039 1464 1101 1532 has
1129 1465 1219 1555 ipsas
1258 1464 1387 1550 Musas,

270 1591 354 1659 quas
386 1566 556 1651 Meleten‚
596 1567 777 1657 Mnemen,
818 1577 851 1638 et
878 1567 1022 1637 Aoeden
1054 1568 1243 1659 appellatas
1274 1569 1388 1637 scribit

272 1670 470 1754 Pausanias,
496 1669 567 1738 aliis
586 1671 776 1754 nominibus
795 1673 841 1741 ab
857 1672 1003 1746 Eumelo
1021 1672 1191 1763 insignitas
1207 1695 1287 1740 esse.
1313 1671 1387 1740 Ve-
1425 1697 1427 1704 ·

192 1807 199 1814 ¹
272 1795 347 1840 mm
367 1782 401 1841 et
422 1774 525 1864 plane
541 1774 706 1846 incertum
727 1775 802 1844 lroe
824 1783 891 1860 est,
917 1796 998 1859 nee,
1024 1775 1050 1840 si
1069 1796 1186 1843 verum
1201 1783 1305 1858 esset,
1330 1774 1386 1841 ul-

271 1877 343 1944 lum
359 1875 441 1944 inde
461 1875 594 1943 luorum
613 1876 810 1944 faceremus.
862 1877 981 1965 Itaque
1001 1876 1085 1945 nihil
1103 1877 1202 1945 nobis
1226 1878 1289 1945 nisi
1310 1877 1386 1967 ipsa

265 1979 331 2045 'illa
354 1979 398 2045 de
420 1967 531 2045 Musis
555 1977 623 2044 istis
636 1979 811 2063 narratio,
843 2001 946 2066 quam
969 1981 1236 2066 consideremus),
1268 1979 1387 2049 relicta

272 2090 331 2154 est.
383 2080 424 2148 ln
446 2103 513 2170 qua
535 2090 612 2148 ante
635 2082 746 2150 omnia
765 2081 967 2167 videndum,
1002 2105 1045 2150 an
1066 2093 1158 2153 recte
1180 2106 1216 2152 se
1236 2079 1386 2151 liabeant

224 2184 410 2254 ttnomina
433 2184 494 2251 ista
513 2183 699 2252 Musarum.
725 2177 729 2191 ⁴
756 2187 803 2254 Et
823 2185 916 2276 apud
937 2185 1102 2254 Taetrum
1124 2187 1262 2277 quidem
1283 2195 1394 2276 atque

269 2288 461 2358 Eudooiam
484 2286 624 2378 legitur,
649 2287 862 2382 Κηφισοῦν,
889 2284 1158 2380 Ἀπολλωνίδα,
1183 2293 1388 2385 Reversus-v

269 2390 363 2466 oido-
414 2391 455 2458 ln
475 2388 665 2480 fragmento
690 2390 735 2458 de
757 2389 865 2458 Musis
886 2401 1016 2477 autem,
1043 2392 1206 2486 ἰφισοῦν·
1240 2396 1384 2464 πολλω-

269 2492 371 2568 olda·
401 2491 461 2565 καὶ
475 2490 706 2588 κρνσθενλδα.
759 2492 881 2562 Codex
900 2495 1002 2564 Paris.
1023 2495 1117 2586 apud
1132 2494 1383 2578 Ruhnkenium‚

268 2593 499 2693 Κιφησιοῦν,
525 2590 789 2684 Ἀπολλωνίδα,
816 2595 1155 2693 καλΒορυσθενίδα.
1183 2599 1274 2666 ilino
1290 2596 1383 2666 docti

268 2698 492 2782 consentiunt,
518 2697 653 2764 nomina
668 2697 841 2766 Musarum
857 2699 957 2769 luisse
976 2701 1211 2802 Kpproooriv,
1239 2701 1394 2774 ’Anat--

268 2800 399 2872 λωνίδα
407 2854 422 2889 ,
448 2799 716 2895 Βορυσθενίδα.
766 2800 859 2868 Mihi
877 2825 958 2871 vero
974 2802 1045 2874 hoo
1060 2803 1195 2872 minime
1210 2803 1383 2871 'satisfacit

269 2901 362 2987 Quid
384 2910 433 2970 est
457 2902 562 2986 enim,
578 2924 692 3000 'quare
713 2902 801 2970 duae
816 2913 945 2972 tantum
964 2905 1085 2973 Musae
1103 2929 1124 2972 a
1143 2905 1250 2973 fluviis
1271 2905 1385 2973 nomi-

267 3015 366 3074 natae
388 3005 470 3089 sint,
495 3027 564 3073 nou
586 3005 687 3073 etiam
706 3005 830 3072 tertia?
866 3005 909 3074 Id
930 3027 997 3071 non
1023 3007 1129 3072 modo
1153 3007 1292 3090 mirum,
1319 3007 1385 3074 sed

267 3109 419 3200 ineptum
432 3117 490 3178 est.
541 3110 729 3196 Numquae
750 3107 899 3200 origine,
925 3109 1134 3194 muneribus,
1160 3108 1281 3178 officiis
1296 3130 1383 3176 eon-

266 3211 400 3282 iunctae
422 3219 515 3296 sunt,
542 3212 643 3279 etiam
664 3212 852 3282 nominibus
875 3210 1002 3280 debent
1026 3213 1178 3304 oognatis
1202 3211 1382 3303 appellari,
1407 3281 1412 3298 t

266 3315 328 3384 nisi
353 3339 432 3385 casu
460 3314 565 3381 indita
592 3313 694 3382 fnisse
723 3317 860 3397 nondun
888 3316 1076 3407 putandum
1105 3325 1171 3401 est,
1213 3315 1308 3405 quod
1336 3316 1380 3383 ab

268 3419 361 3488 omni
377 3419 506 3488 ratione
531 3415 768 3508 mythologiae
794 3419 965 3486 abhorret
1024 3419 1157 3486 Deinde
1181 3441 1262 3487 vero
1283 3418 1381 3486 tertia
1452 3469 1454 3474 .

265 3520 327 3590 illa‘
347 3545 407 3592 our
431 3518 610 3612 Apollonis
634 3518 728 3587 diota'
747 3528 813 3604 est,
847 3520 942 3610 quod
967 3543 1091 3590 nornen
1120 3522 1220 3590 etiarn
1247 3543 1311 3613 per
1342 3543 1380 3588 se

265 3625 419 3716 ineptum
436 3646 507 3691 esse
520 3621 742 3714 intelligitur?
769 3623 892 3692 Filiam
914 3625 1001 3692 enim
1014 3624 1183 3715 Apollinis
1198 3624 1379 3716 signifieat.

266 3730 372 3817 Atqui
389 3748 504 3797 omnes
518 3723 586 3792 hae
609 3735 676 3794 tres
692 3725 814 3798 Musae
834 3727 1002 3820 Apollinis
1016 3727 1108 3796 filiae
1126 3737 1236 3812 erant,
1262 3737 1381 3794 utnon

267 3851 335 3898 una
362 3853 494 3918 earum,
540 3827 601 3898 sod
629 3850 746 3898 omnes
776 3829 845 3902 diui
872 3826 1096 3924 Apollonides
1128 3830 1305 3902 debuerint
1329 3825 1380 3921 *).

309 4174 338 4264 *)
355 4179 440 4254 Quae
451 4181 500 4242 iris
515 4185 658 4265 opposuit
667 4155 866 4247 Buttmannus
883 4207 913 4267 p.
928 4187 1001 4254 504.
1014 4207 1076 4247 non
1091 4157 1234 4250 videntur
1251 4187 1324 4248 mihi
1335 4188 1379 4249 in·

265 4260 386 4326 firmare
404 4285 499 4326 meam
513 4272 697 4331 sententiam.
739 4273 815 4334 Na'm
829 4273 911 4352 quod
925 4276 982 4353 ait',
1004 4273 1217 4354 eCyclopibus
1235 4296 1297 4335 non
1314 4275 1380 4338 veri

267 4348 365 4416 simile
383 4371 448 4416 esse
465 4353 599 4416 Bronten
610 4356 655 4418 nil
667 4356 728 4418 uisi
740 4356 864 4437 tonitru,
887 4361 1032 4441 Steropen
1049 4360 1093 4422 nil
1112 4362 1170 4421 nisi
1183 4361 1299 4424 fulmen
1317 4381 1381 4424 esse
