3120 5030
151 313 157 343 l
248 362 303 426 es
320 359 372 420 na
383 357 507 418 mem
521 357 699 434 vavso.
715 359 856 422 svam
869 359 1060 423 ssnnoms
1072 361 1217 424 noman
1232 362 1324 424 mss
1335 363 1371 425 11

138 569 149 588 κ
260 534 348 658 ρέτα
371 525 478 612 Ζεύς·
511 531 548 605 ἕν
577 525 615 604 τ’
644 530 777 626 ε”φανεν
808 532 923 606 πᾶσαν
952 532 1097 610 σκοπιαὶ
1127 533 1186 608 καὶ
1213 528 1370 629 πρᾶονες

260 636 386 758 ἄκροι,
412 633 473 707 ναὶ
491 626 622 706 νᾶπαο
650 629 854 730 οὐρανόθεν
877 631 956 708 ἄ”
930 633 994 732 αρ’
1009 631 1193 734 ἄπερῤἄρη
1213 636 1370 718 ἄσπετος

259 731 385 835 αἰθήρ.
434 736 500 805 Vel
521 734 566 802 ad
588 735 849 804 declarationem
877 738 1155 826 praecedentium
1176 739 1369 825 adhibetur,

259 847 356 936 ιοῐβ
380 833 516 908 455.
494 833 582 928 ηᾶτε
609 836 682 934 πῦρ
706 835 853 936 ἄΐδηλον
877 839 1115 968 ἐπιφλέγει
1088 867 1248 966 ασπετρν
1276 839 1374 938 ἄλην·

260 941 385 1040 οὔρεος
400 969 440 1016 εν
456 939 632 1066 κορυφῇς·
659 945 791 1016 ἕκαθεν
816 943 859 1016 ot
876 968 919 1015 τε
942 942 1111 1061 φαίνεται
1118 936 1233 1068 αᾶρή.
1260 947 1289 1016 δ
1306 940 1367 1012 75.

260 1046 340 1120 οἶον
363 1041 399 1118 δ’
421 1037 604 1172 ἄσνέρρ
579 1068 643 1134 ηνο
663 1038 815 1140 Κρόνου
836 1049 919 1124 παῖς
943 1039 1261 1170 αγναλσμορτεω,
1237 1041 1366 1141 ηναό-

250 1175 343 1246 τῃσι
355 1147 482 1276 τερρς,
507 1141 548 1242 ἠὲ
562 1169 706 1241 στρατφ
693 1143 823 1241 ἐὗρόν
833 1145 950 1235 λαᾶν,
975 1151 1167 1270 latwy,
1182 1175 1249 1221 του
1236 1149 1309 1222 ds'
1322 1177 1365 1222 τε

257 1245 432 1323 πολλοὶ
408 1242 482 1321 and
504 1247 739 1342 σπονθῆρες“
719 1275 847 1321 οενται.
874 1245 959 1316 215.
987 1245 1129 1329 ω’ςδ”
1106 1247 1167 1325 ον’
1191 1244 1265 1323 dno*
1287 1277 1367 1324 σου·

257 1351 341 1472 πιῆς
367 1346 459 1424 εἶδεν
481 1351 609 1474 νέφρς
613 1346 759 1430 αἰπόλος
781 1344 872 1446 α’νηρ
894 1345 1092 1475 ἐρχόμενον
1116 1347 1213 1426 νατᾶ
1231 1347 1368 1426 πόντον

256 1451 327 1528 ἄπο
320 1446 559 1581 Ζοφᾶροιο
543 1476 642 1548 ιωης·
664 1479 715 1574 τρο
702 1448 835 1526 ‘'dd
795 1479 819 1524 τ
859 1451 1016 1527 ἄνευθεν
1030 1448 1130 1530 ἐόντε
1145 1449 1367 1579 ραλᾶντερον

257 1550 354 1655 ἠΰτε
362 1555 474 1628 πίσσα
492 1551 635 1677 φαίνετ’
659 1551 716 1628 νόν
736 1548 831 1627 aare?
843 1548 998 1630 πόντον·
1025 1555 1106 1678 ἄρα
1121 1552 1161 1631 δε
1179 1585 1221 1631 τε
1233 1561 1366 1630 iaeta-

257 1685 308 1732 πα
326 1651 479 1754 πολλήν·
501 1650 644 1754 ῥίγησέν
663 1684 705 1730 τε
730 1650 880 1741 imit,
858 1652 929 1730 από
943 1687 984 1732 τε
1002 1651 1107 1739 σπέος
1126 1658 1241 1756 ἤλασε
1255 1660 1364 1757 μῆλα
1431 1726 1435 1730 .

257 1761 328 1830 Sed
341 1761 423 1850 quid
437 1760 617 1850 exempla
608 1783 644 1828 ιιι
656 1759 851 1827 huiusmodi
869 1783 906 1828 re
921 1784 1120 1852 congeram,
1146 1785 1250 1852 quum
1264 1785 1367 1852 prae-

256 1854 369 1932 sertim
388 1853 586 1932 verendum
590 1864 648 1948 sit,
674 1887 717 1931 ne
738 1864 832 1932 vel
808 1886 856 1933 sre
871 1864 976 1932 multa
992 1865 1175 1949 attulerim,
1201 1887 1288 1952 quae
1310 1864 1366 1932 di-

255 1967 418 2060 ligentem
437 1965 580 2038 Homeri
602 1967 766 2036 lectorem
789 1986 858 2032 non
885 1966 1018 2034 lateant
1077 1968 1155 2035 Non
1181 1967 1369 2058 poenitebit

256 2095 312 2140 me
326 2082 439 2138 tamen
455 2069 543 2138 haec
557 2069 721 2161 attigisse,
746 2071 773 2136 si
785 2067 871 2136 illud
888 2068 1046 2155 effecero,
1072 2079 1111 2138 ut
1131 2070 1263 2159 nequis
1280 2071 1369 2137 iusto

257 2174 397 2244 calidius
419 2172 550 2242 dehoc
577 2195 703 2264 genere
725 2171 934 2262 pronunciet.
986 2171 1091 2257 Quod
1105 2174 1134 2241 si
1146 2173 1206 2243 hic
1222 2174 1302 2258 illic,
1328 2181 1366 2240 ut

256 2277 344 2346 milri
360 2276 510 2362 videtur,
533 2274 661 2345 sactum
683 2285 732 2344 est
750 2299 771 2343 a
792 2273 1014 2362 Thierschm,
1039 2300 1108 2345 non
1129 2299 1203 2344 sum
1225 2276 1364 2362 nescias,

257 2380 416 2452 accidisse
443 2380 481 2448 id
514 2380 636 2448 obmto
673 2379 899 2468 distractoque
934 2403 1060 2472 magna
1089 2382 1305 2472 negotiorum
1331 2387 1367 2444 et
1493 2441 1495 2444 ,
1542 2425 1543 2432 1

254 2483 465 2554 multitudine
490 2492 523 2550 et
552 2484 729 2567 varietate,
769 2491 805 2549 ut
834 2483 894 2572 qui
911 2483 1170 2552 saluberrimum
1187 2481 1385 2572 susceperit¹

256 2611 342 2679 opus
361 2585 562 2652 instaurandi
581 2587 616 2652 in
635 2586 781 2652 Bavaria
803 2586 926 2652 strenui
954 2587 1162 2675 antiquarum
1182 2587 1366 2652 litterarum
1402 2607 1403 2612 ¹

256 2689 372 2758 studiiz
396 2687 490 2777 quod
507 2708 593 2777 opus
607 2709 775 2756 successus
788 2685 915 2755 habere
930 2683 1148 2772 felicissimos,
1172 2686 1365 2777 egregiam·
1408 2739 1416 2756 .
1542 2641 1543 2680 l

255 2815 322 2882 que
341 2792 544 2860 iuventutem
566 2791 643 2858 nari
661 2801 695 2860 et
712 2790 863 2858 industrii
884 2789 978 2860 ducis
992 2793 1129 2861 solertia
1142 2789 1367 2875 efflorescere,

256 2897 333 2966 satis
355 2895 444 2965 Acta
465 2895 526 2963 illa
538 2901 699 2964 testantur
715 2893 946 2974 Monacensis,
