3080 5054
300 329 1111 434 soorssonnnnr'nvssnnrssncvr.
1209 373 1275 438 am
1405 357 1407 366 “
1532 323 1534 330 ’

157 566 223 638 per·
240 563 376 611 omnem
392 550 557 610 terrarum
574 542 692 610 orbem
704 541 1015 626 celebratissimum,
1039 541 1199 612 iuvenum
1214 542 1275 612 lit·

156 648 236 717 teris
248 663 390 738 operam
405 645 597 714 navantinm
614 666 682 713 non
696 667 836 714 numero
858 646 987 730 solnm,
1013 645 1073 714 sed
1092 647 1197 716 etiam
1220 647 1276 714 di-

157 751 300 842 ligentia
317 757 352 818 et
367 749 464 817 bonis
479 749 629 818 moribus
640 749 924 834 laudatissimam,
949 748 1199 839 stipendiorum
1211 749 1276 818 de·

159 856 263 942 nique
278 862 313 921 et
329 853 557 942 praemiorum
577 851 790 922 multitudine
805 875 846 924 ac
866 852 1098 944 magnitudine
1114 853 1160 921 ad
1176 852 1277 922 adiu-

159 956 272 1026 vanda
285 956 396 1024 studia
413 954 746 1046 opportunissimam,
772 956 827 1026 cni
842 957 977 1048 gemina
994 955 1053 1023 diu
1075 955 1139 1024 fuit
1158 964 1276 1048 erepta

161 1083 251 1130 nunc
278 1058 410 1128 crudeli
431 1059 503 1126 fato
534 1068 568 1126 et
588 1058 720 1128 sublata
743 1058 947 1150 V-iteberga,
972 1080 1040 1126 non
1062 1059 1188 1150 poterit
1207 1081 1277 1126 non

162 1163 359 1255 gravbsinro
378 1162 489 1230 animo
504 1163 655 1230 venerari
671 1162 825 1231 eximiam
842 1163 957 1230 Ruers
974 1180 1090 1230 curam
1104 1172 1206 1252 atque
1221 1163 1276 1228 in-

162 1266 341 1349 dustriam,
368 1265 444 1354 qui,
471 1285 560 1354 quae
580 1288 601 1332 a
622 1266 802 1334 maioribus
817 1264 994 1355 praeclare
1009 1266 1156 1334 instituta
1176 1287 1279 1335 acec-

162 1378 277 1462 perat,
302 1391 371 1436 non
387 1367 493 1436 modo
513 1370 758 1438 conservaverit
780 1369 913 1460 integra
934 1378 1035 1456 atque
1056 1369 1190 1454 illaesa,
1216 1367 1279 1436 sed

163 1473 320 1540 omnibus
334 1471 446 1541 modis
461 1471 644 1554 adiuverit,
670 1469 914 1556 emendaverit,
940 1470 1086 1557 auxerit,
1114 1483 1215 1561 atque
1232 1469 1279 1540 ad

162 1597 331 1644 summurn
362 1573 525 1644 studuerit
550 1574 642 1648 floris
674 1573 847 1665 fastigium
873 1571 1056 1647 adducere.
1108 1574 1166 1644 Ad
1189 1575 1279 1645 haec

146 1678 295 1771 ¹singula
306 1675 455 1748 dicendo
473 1676 630 1768 persequi
643 1699 848 1765 quamquam
874 1685 909 1745 et
931 1677 1205 1768 iucundissimum
1220 1678 1286 1746 lo-·

165 1789 235 1865 ret,
265 1795 375 1870 neque
399 1781 443 1849 ab
468 1779 567 1848 huius
590 1779 660 1848 diei
680 1781 888 1863 solemnitate
909 1787 967 1848 aut
989 1782 1161 1851 sanctitate
1180 1780 1281 1850 huius
1381 1797 1386 1809 “

55 1937 58 1940 .
163 1884 284 1974 templi
298 1885 461 1952 alionum:
486 1883 648 1952 tamenin
665 1883 837 1953 communi
851 1883 1025 1954 universae
1047 1885 1177 1975 patriae
1202 1885 1306 1953 lae-o

162 1989 246 2071 titia,
270 1987 393 2076 quibus
410 1986 639 2055 doctrinarum
654 1989 853 2057 tractnione
869 1987 915 2055 ad
928 1988 1103 2056 liberalem
1119 1988 1283 2058 eruditio-

163 2113 242 2158 nem
260 2090 358 2160 evehi
373 2089 533 2180 contigit,
559 2110 627 2156 non
642 2112 677 2156 se
697 2092 810 2180 potins
823 2092 1010 2180 respicere,
1037 2114 1140 2178 quam
1164 2090 1210 2158 ad
1229 2113 1282 2174 ea,

163 2215 253 2282 quae
268 2194 397 2262 maiora
411 2203 503 2277 sunt,
529 2193 676 2260 animum
692 2192 890 2274 advertere,
916 2213 980 2259 nec
995 2192 1079 2278 qnid
1102 2193 1220 2263 detrun
1241 2194 1285 2260 sit

162 2291 284 2388 magis,
311 2283 414 2386 qnam
435 2315 540 2384 aquo
558 2295 598 2364 sit
619 2293 754 2379 datum,
781 2291 994 2362 considerare
1015 2317 1080 2384 par
1104 2304 1162 2362 est
1213 2297 1283 2364 Ne·
1408 2359 1409 2364 ,

164 2422 232 2489 que
262 2400 351 2468 eninr
375 2395 577 2490 magnitudo
600 2405 820 2486 acceptorum
843 2405 951 2464 mater
969 2406 1018 2464 est
1038 2419 1139 2465 verae
1160 2397 1283 2482 laudis,
1359 2479 1361 2488 Ι

166 2502 228 2570 sed
242 2504 330 2589 eius,
356 2505 415 2592 qni
433 2501 576 2586 dederit,
601 2500 720 2581 virtus3
745 2519 810 2568 nec
827 2498 932 2591 digne
945 2499 1022 2566 satis
1039 2501 1175 2570 Reonrr
1190 2502 1284 2570 colat

165 2605 212 2692 is,
236 2608 294 2694 qni
309 2615 393 2694 quot
407 2605 452 2691 ab
474 2605 530 2672 Eo
549 2612 584 2672 et
604 2611 729 2693 quanta
753 2603 925 2694 acceperit
945 2603 1110 2674 beneficia
1130 2627 1287 2674 comme«

167 2718 297 2790 moret,
324 2709 384 2774 sed
400 2706 479 2792 ille,
505 2708 684 2796 quiquam
703 2729 866 2798 magnum
887 2707 945 2791 sit,
971 2705 1053 2776 dare
1077 2707 1157 2792 illa,
1182 2710 1285 2777 aesti-

165 2832 261 2879 mare
276 2808 441 2879 didicerit
492 2810 725 2896 Quamobrem
746 2810 831 2879 nihil
847 2809 1077 2897 videturesse,
1103 2812 1287 2898 auditores,

168 2916 205 2982 in
222 2903 291 3002 qud
306 2915 429 2981 rectius
445 2909 533 2983 haec
546 2914 670 2984 versui
684 2914 792 2982 oratio
804 2915 920 3005 possit,
946 2937 1048 3004 quam
1060 2916 1095 2983 in
1114 2938 1168 3000 eo,
1193 2916 1286 2985 undo

168 3018 275 3084 omnis
294 3015 354 3083 illa
368 3017 565 3103 admiratio,
591 3039 679 3106 qnae
691 3018 765 3086 inre
781 3019 969 3106 meritoque
984 3018 1082 3100 Reus
1091 3029 1210 3087 nostro
1221 3020 1286 3087 de-

169 3121 287 3204 betur,
321 3128 492 3208 tamquam
517 3142 558 3188 ex
585 3121 681 3188 fonte
704 3141 765 3188 suo
789 3128 983 3210 promanat,
1018 3121 1286 3210 magnitudinem

169 3221 269 3289 animi
285 3222 363 3294 dico
382 3245 477 3308 earn,
492 3241 572 3311 -qua
594 3221 659 3288 llle
675 3243 745 3288 esse
768 3223 929 3311 optimus,
955 3243 1058 3308 quam
1082 3222 1188 3290 rideri
1211 3246 1286 3291 nra·-

167 3324 240 3391 luit
313 3325 411 3410 Quae
439 3324 540 3391 animi
562 3322 760 3415 magnitudo
786 3324 1075 3412 quemadmodum
1101 3326 1288 3416 quondam,

168 3449 274 3516 quum
301 3428 334 3494 in
356 3426 590 3517 Amphiarao,
616 3447 683 3494 uno
709 3448 751 3494 ex
777 3437 908 3519 septem
931 3427 1072 3496 ducibus
1101 3429 1288 3518 Thebanis,

169 3531 307 3598 laudata
323 3544 410 3600 esset
428 3528 472 3598 ab
492 3529 663 3624 Aeschylo
679 3541 784 3620 poeta
800 3531 1012 3600 nobilissimis
1029 3533 1200 3618 retribue,
1227 3555 1287 3600 ea·

169 3655 238 3722 que
255 3633 391 3718 fabulo,
417 3635 452 3700 in
468 3657 536 3722 qua
551 3644 626 3701 sunt
641 3633 690 3700 illi
704 3657 833 3719 versus,
859 3632 1002 3702 Athenis
1017 3645 1184 3725 ageretur,
1210 3635 1286 3702 uni-
1336 3704 1337 3715 ,

169 3737 254 3804 uersi
266 3737 390 3828 populi
402 3733 615 3812 Atheniensis
625 3736 750 3808 iudicio
764 3737 799 3803 in
815 3737 981 3822 Aristide,
1008 3739 1182 3806 iustissimo
1201 3739 1287 3824 viro,

170 3839 285 3931 agnita
298 3851 364 3908 esta
389 3840 436 3908 ita
452 3839 540 3910 haee
556 3839 733 3909 hominum
750 3849 840 3909 aetas
867 3863 1009 3930 ecquem
1035 3840 1157 3929 habet,
1183 3864 1288 3932 quern

169 3943 289 4010 rectius
311 3961 391 4012 cnm
414 3943 562 4012 Aristide
583 3943 791 4035 comparari,
809 3947 858 4014 ‘ac
877 3945 989 4036 magis
1009 3945 1069 4012 illa
1090 3969 1160 4014 esse
1186 3945 1289 4014 animi

169 4045 402 4136 magnitudine
433 4046 672 4138 conspicuum,
706 4071 810 4138 quarn
839 4049 975 4118 Rauen
997 4058 1170 4136 nostrum,
1203 4073 1288 4122 con-

170 4149 315 4217 sentiat?

181 4281 184 4304 ι
272 4253 335 4322 Est
354 4263 466 4322 autem
478 4251 568 4322 haec
580 4274 686 4342 quum
702 4253 838 4321 omnino
852 4276 990 4346 perrara
1006 4253 1127 4341 virtus,
1153 4243 1288 4324 audito·

169 4348 233 4441 res,
258 4365 331 4426 tum
348 4357 383 4426 ia
401 4358 539 4449 regibus
555 4379 601 4428 co
613 4358 738 4444 aanor,
764 4379 875 4447 eoque
889 4358 995 4450 pluris
1014 4357 1189 4449 facienda,
1215 4373 1315 4447 quoa
