3120 5030
218 285 225 300 ”
259 326 337 388 oro
364 323 624 400 maroveus
659 321 1247 390 oarnnr.rnoomvr.rmm1s.
1287 329 1311 392 ο

196 498 282 592 phei
295 519 373 566 enm
390 499 466 564 ante
478 495 737 564 Eratosthenem
756 483 1124 582 hermeneumatis,
1149 517 1219 566 non
1236 518 1311 566 ma·

196 605 250 695 gis
270 601 383 668 habeo
400 598 495 689 quod
517 599 678 690 afferam,
702 599 765 666 nisi
783 598 877 687 quod
897 602 966 668 iam
988 601 1075 688 dixi,
1099 601 1227 669 nullam
1242 601 1311 669 vim

198 727 269 774 esse
290 705 325 771 in
345 704 415 772 hoc
440 713 648 792 argumento.
700 701 793 770 lllud
806 713 917 770 tamen
940 714 1074 772 nonest
1093 712 1311 794 praetereun-

199 808 300 891 durn,
330 802 428 895 ,quod
457 827 578 895 parum
601 805 843 898 circumspecte
872 804 1001 874 dictum
1026 816 1075 874 est
1099 829 1119 872 a
1139 805 1313 898 Koenigs-

197 931 337 993 manno,
371 906 570 1000 Orpheum,
609 909 736 1000 sipost
756 907 1016 978 Eratosthenem
1039 907 1188 992 vixisset,
1228 913 1313 998 qu'os

165 1071 166 1074 ,
197 1013 336 1082 Latinos
366 1020 484 1097 vocat,
527 1009 626 1078 huius
665 1003 823 1101 exemplo
856 1011 1029 1080 Romanos
1062 1011 1313 1101 appellaturum
1420 1059 1422 1067 ,

198 1115 309 1184 fuisse.
370 1110 459 1183 Nam
490 1111 562 1182 hoe
589 1113 728 1202 quidem
756 1113 861 1182 latere
887 1115 985 1183 istum
1006 1114 1314 1205 Argonauticorum

200 1218 399 1310 scriptorem
420 1239 489 1284 non
503 1215 632 1307 potuit,
657 1216 684 1282 si
703 1237 768 1308 pro
789 1216 932 1308 antiquo¹
947 1217 1007 1284 illo
1025 1215 1171 1308 Orpheo
1192 1214 1314 1285 haberi

199 1321 324 1404 vellet,
363 1341 432 1389 non
456 1342 526 1388 esse
546 1317 714 1414 populum
737 1321 996 1408 nominandum,
1029 1341 1132 1410 quem
1153 1319 1212 1394 diu
1235 1329 1314 1412 post

199 1422 381 1517 Orpheum
396 1421 563 1517 originem
576 1420 704 1513 cepisse
724 1421 892 1492 neminem
914 1422 1058 1516 fugeret.
1118 1435 1122 1444 “

272 1603 372 1698 'sed
397 1628 568 1698 mittamus
587 1628 694 1714 hoec,
729 1636 764 1698 et
784 1628 974 1715 videamus,
1013 1625 1189 1718 quomodo
1216 1627 1314 1696 Koe-
1359 1673 1363 1680 -

197 1722 411 1823 nigsmannns
438 1730 617 1822 Orpheum
642 1741 719 1800 ante
740 1734 961 1823 Apollonium
981 1731 1082 1799 luisse
1100 1731 1312 1804 demonstret.

197 1836 252 1904 Ac
266 1834 378 1926 primo
396 1833 468 1906 hoo
489 1836 548 1904 ille
571 1834 660 1927 agit,
685 1845 723 1904 ut
741 1837 849 1904 multa
867 1834 960 1927 apud
974 1843 1154 1924 utrumque
1168 1836 1313 1934 scripto-

197 1959 272 2006 rem
302 1947 360 2006 ant
384 1937 503 2010 iisdem
532 1945 590 2012 aut
614 1937 715 2007 valde
744 1939 904 2018 similibus
929 1938 1039 2006 verbis
1067 1957 1221 2028 expressa
1242 1959 1313 2007 esse

198 2039 363 2108 ostendat
414 2040 495 2111 Hoc
518 2039 658 2132 quidem
673 2059 738 2132 per
752 2065 788 2111 se
804 2043 930 2110 nullam
951 2041 1019 2110 vim
1034 2038 1157 2110 habete
1181 2063 1260 2108 narn
1275 2039 1313 2108 si

197 2153 339 2231 uterque
361 2134 513 2216 πόντοιο
547 2136 615 2216 διαί
636 2137 756 2236 στόμα
779 2144 839 2217 καί
864 2139 926 2218 dcci
949 2145 1082 2238 πέτρας
1102 2144 1252 2223 κυανέας
1279 2149 1314 2212 et

198 2246 319 2314 similia
341 2245 472 2336 posuit,
498 2245 562 2334 (ita
581 2247 688 2330 erum,
715 2268 784 2335 quo
807 2248 926 2338 magis·
943 2245 1167 2330 consentiant,
1199 2245 1314 2318 scribit

196 2347 490 2436 Koenigsmannus
505 2348 607 2415 etiam
626 2348 940 2437 apud-Orpheum,
967 2347 1058 2437 apud
1075 2335 1176 2435 quem
1188 2355 1314 2442 πορθ-

197 2454 287 2544 μοῖο
311 2447 454 2539 legitur)
476 2456 551 2514 uter
566 2459 678 2514 utrum
694 2449 837 2516 imitatus
856 2451 912 2533 sit,
938 2449 1009 2514 aliis
1033 2448 1214 2516 rationibus
1237 2445 1311 2515 effi·
1429 2509 1436 2532 ,

201 2549 360 2623 ciendum
376 2559 436 2619 est.
486 2550 568 2619 Hoc
591 2570 672 2616 vero
693 2550 740 2617 sic
760 2552 843 2620 lacit
859 2549 1165 2642 Koenigsmarmns‚
1191 2559 1229 2618 ut
1244 2549 1324 2620 Or-·

199 2653 331 2746 pheum
354 2651 522 2721 interdurn
541 2651 747 2743 reprehendi
767 2663 801 2722 et
823 2653 949 2745 corrigi
969 2654 1012 2720 ab
1034 2653 1221 2745 Apollonio
1251 2653 1315 2722 de-

199 2764 368 2826 monstret
421 2754 525 2841 Quod
544 2763 582 2823 ut
607 2756 654 2822 ita
676 2756 734 2840 sit,
759 2779 827 2826 non
849 2765 963 2824 tamen
987 2758 1145 2825 continuo
1167 2757 1314 2842 evicerit,

202 2857 385 2949 Orpheum
400 2858 587 2948 Apollonio
603 2857 824 2948 antiquiorem
842 2883 921 2929 esse.
972 2860 1087 2927 Potuit
1100 2861 1188 2928 enim
1199 2861 1314 2952 Apol-

198 2962 307 3030 lonius
325 2961 426 3030 etiam
443 2961 521 3028 illos
540 2960 811 3051 reprehendere,
836 2985 921 3052 quos
942 2972 1094 3031 auctores
1116 2963 1223 3032 multo
1236 2970 1315 3054 post

199 3062 360 3154 Orpheus
383 3074 540 3152 sequutus
564 3073 624 3135 est.
676 3064 748 3132 Sed
767 3066 1058 3160 operaepretium
1081 3074 1148 3150 est,
1174 3066 1331 3136 accura-'

199 3167 263 3235 tius
275 3167 340 3235 hos
356 3168 451 3260 locos
472 3167 705 3253 considerare,
730 3169 851 3257 quibus
872 3167 1163 3258 Koenigsmannus
1179 3168 1314 3259 opinio-

201 3292 279 3338 nem
301 3291 398 3338 suam
420 3268 545 3338 firmari
565 3278 673 3359 putet.
726 3271 880 3355 Quorum
894 3270 1004 3342 statim
1024 3272 1151 3362 primus
1167 3293 1314 3366 magno-

198 3395 282 3464 pere
295 3395 414 3442 vereor
428 3396 471 3442 ne
487 3373 687 3444 contrarium
701 3384 830 3467 arguat.
883 3371 1043 3467 Orpheus
1057 3396 1088 3442 v
1105 3373 1192 3443 49⁰.
1208 3374 1312 3460 Geso

200 3475 329 3546 scribit·

475 3631 479 3648 ,
667 3627 670 3638 ·
753 3571 971 3668 γλαυκώπιδι
997 3573 1228 3675 Τριτονεκυίῃ

246 3677 421 3776 θῆκαν
435 3674 621 3775 ἀείραντες
638 3673 777 3773 dothain
798 3680 918 3753 λιᾛθον

200 3833 404 3927 Apollonius
429 3855 509 3902 vero
540 3831 584 3902 de
612 3829 733 3900 eadem
758 3827 956 3902 το1955.

301 3987 474 4060 uolutaui
501 3981 640 4082 εὐναίης
661 3979 784 4078 ὀλίγον
806 3983 915 4060 λίθον
939 3978 1146 4071 ἑκλιίσαντις
1317 4012 1356 4072 11

309 4091 452 4212 Τίρυος
466 4091 661 4186 ἐννεσίησιν
682 4115 753 4160 υπο
775 4082 886 4186 κρήνῃ
903 4087 1084 4178 ἐλίποντο,

303 4185 424 4312 κρήνῃ
429 4219 480 4264 υπ
517 4187 713 4314 Αρτακίη·
741 4195 866 4287 ἕτερον
893 4186 929 4264 d
945 4189 1090 4281 ἔλον,Ι
1067 4184 1314 4289 οςτιςυίρῆρει,

305 4286 464 4392 spodon·
491 4287 588 4393 οἰτυίρ
610 4285 728 4368 κιῑνόν
748 4320 797 4388 ys
811 4293 1051 4392 θεοπροπίαις
1063 4287 1236 4369 Excivere
